
<record>
  <leader>03087cam a22003497i 4500</leader>
  <controlfield tag="001">18819734</controlfield>
  <controlfield tag="005">20200103150523.0</controlfield>
  <controlfield tag="008">151016s2016    nju      b    001 0 eng  </controlfield>
  <datafield tag="906" ind1=" " ind2=" ">
    <subfield code="a">7</subfield>
    <subfield code="b">cbc</subfield>
    <subfield code="c">orignew</subfield>
    <subfield code="d">1</subfield>
    <subfield code="e">ecip</subfield>
    <subfield code="f">20</subfield>
    <subfield code="g">y-gencatlg</subfield>
  </datafield>
  <datafield tag="925" ind1="0" ind2=" ">
    <subfield code="a">acquire</subfield>
    <subfield code="b">2 shelf copies</subfield>
    <subfield code="x">policy default (ex.)</subfield>
  </datafield>
  <datafield tag="955" ind1=" " ind2=" ">
    <subfield code="b">rm13 2015-10-16</subfield>
    <subfield code="i">rm13 2015-10-16 ONIX (telework)</subfield>
    <subfield code="w">xl03 2015-10-16</subfield>
    <subfield code="a">xn05 2016-03-04 1 copy rec&apos;d., to CIP ver.</subfield>
    <subfield code="f">rm06 2016-03-21 to BCCD</subfield>
    <subfield code="t">rm11 2017-11-15 copy 2 to BCCD</subfield>
  </datafield>
  <datafield tag="010" ind1=" " ind2=" ">
    <subfield code="a">  2015037784</subfield>
  </datafield>
  <datafield tag="020" ind1=" " ind2=" ">
    <subfield code="a">9781632650122 (paperback)</subfield>
  </datafield>
  <datafield tag="020" ind1=" " ind2=" ">
    <subfield code="z">9781632659866 (ebook)</subfield>
  </datafield>
  <datafield tag="040" ind1=" " ind2=" ">
    <subfield code="a">DLC</subfield>
    <subfield code="b">eng</subfield>
    <subfield code="c">DLC</subfield>
    <subfield code="e">rda</subfield>
    <subfield code="d">DLC</subfield>
  </datafield>
  <datafield tag="050" ind1="0" ind2="0">
    <subfield code="a">HF5415.1255</subfield>
    <subfield code="b">.K74 2016</subfield>
  </datafield>
  <datafield tag="082" ind1="0" ind2="0">
    <subfield code="a">658.8/27</subfield>
    <subfield code="2">23</subfield>
  </datafield>
  <datafield tag="084" ind1=" " ind2=" ">
    <subfield code="a">BUS043000</subfield>
    <subfield code="2">bisacsh</subfield>
  </datafield>
  <datafield tag="100" ind1="1" ind2=" ">
    <subfield code="a">Krevolin, Richard W.,</subfield>
    <subfield code="d">1964-</subfield>
  </datafield>
  <datafield tag="245" ind1="1" ind2="4">
    <subfield code="a">The hook :</subfield>
    <subfield code="b">how to share your brand&apos;s unique story to engage customers, boost sales, and achieve heartfelt success /</subfield>
    <subfield code="c">Richard Krevolin ; foreword by Harry Beckwith, author of selling the invisible.</subfield>
  </datafield>
  <datafield tag="264" ind1=" " ind2="1">
    <subfield code="a">Wayne :</subfield>
    <subfield code="b">Career Press,</subfield>
    <subfield code="c">[2016]</subfield>
  </datafield>
  <datafield tag="300" ind1=" " ind2=" ">
    <subfield code="a">223 pages ;</subfield>
    <subfield code="c">23 cm</subfield>
  </datafield>
  <datafield tag="336" ind1=" " ind2=" ">
    <subfield code="a">text</subfield>
    <subfield code="2">rdacontent</subfield>
  </datafield>
  <datafield tag="337" ind1=" " ind2=" ">
    <subfield code="a">unmediated</subfield>
    <subfield code="2">rdamedia</subfield>
  </datafield>
  <datafield tag="338" ind1=" " ind2=" ">
    <subfield code="a">volume</subfield>
    <subfield code="2">rdacarrier</subfield>
  </datafield>
  <datafield tag="520" ind1=" " ind2=" ">
    <subfield code="a">&quot;Corporations can no longer just worship the bottom line. Consumers and customers want to be associated with brands that align with their values. For business success today, your company needs to tell a compelling story that creates engagement, word-of-mouth, and brand loyalty.  The Hook gives you a proven methodology to create a compelling narrative, then shows you how to share your story with the world and get consumers and customers to listen to and remember your message.  More specifically, The Hook will teach you how story-selling can be used as an incredibly powerful instrument to:   Create an emotional connection between your organization and its target market, or between a product and consumers.  Generate interest, enthusiasm, and support for a person, company, or product.  Demonstrate the benefits and potential of any product, service, company, or individual.  Create a culture of inclusion for any company or product.  Enhance staff commitment to mission and objectives.  Improve the power, tone, and texture of speeches, proposals, presentations, and printed materials&quot;--</subfield>
    <subfield code="c">Provided by publisher.</subfield>
  </datafield>
  <datafield tag="520" ind1=" " ind2=" ">
    <subfield code="a">&quot;Corporations can no longer just worship the bottom line. Consumers and customers want to be associated with brands that align with their values. For business success today, your company needs to tell a compelling story that creates engagement, word-of-mouth, and brand loyalty. The Hook gives you a proven methodology to create a compelling narrative, then shows you how to share your story with the world and get consumers and customers to listen to and remember your message&quot;--</subfield>
    <subfield code="c">Provided by publisher.</subfield>
  </datafield>
  <datafield tag="504" ind1=" " ind2=" ">
    <subfield code="a">Includes bibliographical references and index.</subfield>
  </datafield>
  <datafield tag="650" ind1=" " ind2="0">
    <subfield code="a">Branding (Marketing)</subfield>
  </datafield>
  <datafield tag="650" ind1=" " ind2="0">
    <subfield code="a">Customer loyalty.</subfield>
  </datafield>
  <datafield tag="650" ind1=" " ind2="7">
    <subfield code="a">BUSINESS &amp; ECONOMICS / Marketing / General.</subfield>
    <subfield code="2">bisacsh</subfield>
  </datafield>
  <datafield tag="856" ind1="4" ind2="2">
    <subfield code="3">Cover image</subfield>
    <subfield code="u">http://www.netread.com/jcusers/1384/3017929/image/lgcover.5659903.jpg</subfield>
  </datafield>
</record>