
<record>
  <leader>02555cam a22003737i 4500</leader>
  <controlfield tag="001">18821536</controlfield>
  <controlfield tag="005">20200103120806.0</controlfield>
  <controlfield tag="008">151006s2015    fr            000 0 fre  </controlfield>
  <datafield tag="906" ind1=" " ind2=" ">
    <subfield code="a">7</subfield>
    <subfield code="b">cbc</subfield>
    <subfield code="c">origres</subfield>
    <subfield code="d">3</subfield>
    <subfield code="e">ncip</subfield>
    <subfield code="f">20</subfield>
    <subfield code="g">y-gencatlg</subfield>
  </datafield>
  <datafield tag="925" ind1="0" ind2=" ">
    <subfield code="a">acquire</subfield>
    <subfield code="b">1 shelf copy</subfield>
    <subfield code="x">policy default</subfield>
  </datafield>
  <datafield tag="955" ind1=" " ind2=" ">
    <subfield code="b">BD25 2016-01-29</subfield>
    <subfield code="b">bd31 2018-06-26 z-processor</subfield>
    <subfield code="i">bc12 2018-10-03 (telework)</subfield>
    <subfield code="e">bc12 2018-10-25 to BCCD (ABACheck &amp; Labeled)</subfield>
  </datafield>
  <datafield tag="010" ind1=" " ind2=" ">
    <subfield code="a">  2015518863</subfield>
  </datafield>
  <datafield tag="020" ind1=" " ind2=" ">
    <subfield code="a">9782724617603</subfield>
  </datafield>
  <datafield tag="020" ind1=" " ind2=" ">
    <subfield code="a">2724617606</subfield>
  </datafield>
  <datafield tag="020" ind1=" " ind2=" ">
    <subfield code="z">9782724617610 (pdf web)</subfield>
  </datafield>
  <datafield tag="020" ind1=" " ind2=" ">
    <subfield code="z">9782724617627 (epub)</subfield>
  </datafield>
  <datafield tag="020" ind1=" " ind2=" ">
    <subfield code="z">9782724617634 (xml)</subfield>
  </datafield>
  <datafield tag="040" ind1=" " ind2=" ">
    <subfield code="a">DLC</subfield>
    <subfield code="b">eng</subfield>
    <subfield code="e">rda</subfield>
    <subfield code="c">DLC</subfield>
  </datafield>
  <datafield tag="050" ind1="0" ind2="0">
    <subfield code="a">RA483</subfield>
    <subfield code="b">.D53 2015</subfield>
  </datafield>
  <datafield tag="245" ind1="0" ind2="0">
    <subfield code="a">Dictionnaire critique de l&apos;expertise :</subfield>
    <subfield code="b">santé, travail, environnement /</subfield>
    <subfield code="c">sous la direction de Emmanuel Henry [and others].</subfield>
  </datafield>
  <datafield tag="264" ind1=" " ind2="1">
    <subfield code="a">[Paris] :</subfield>
    <subfield code="b">Presses de Sciences Po,</subfield>
    <subfield code="c">[2015]</subfield>
  </datafield>
  <datafield tag="264" ind1=" " ind2="4">
    <subfield code="c">©2015.</subfield>
  </datafield>
  <datafield tag="300" ind1=" " ind2=" ">
    <subfield code="a">375 pages ;</subfield>
    <subfield code="c">19 cm.</subfield>
  </datafield>
  <datafield tag="336" ind1=" " ind2=" ">
    <subfield code="a">text</subfield>
    <subfield code="b">txt</subfield>
    <subfield code="2">rdacontent</subfield>
  </datafield>
  <datafield tag="337" ind1=" " ind2=" ">
    <subfield code="a">unmediated</subfield>
    <subfield code="b">n</subfield>
    <subfield code="2">rdamedia</subfield>
  </datafield>
  <datafield tag="338" ind1=" " ind2=" ">
    <subfield code="a">volume</subfield>
    <subfield code="b">nc</subfield>
    <subfield code="2">rdacarrier</subfield>
  </datafield>
  <datafield tag="490" ind1="1" ind2=" ">
    <subfield code="a">Références</subfield>
  </datafield>
  <datafield tag="500" ind1=" " ind2=" ">
    <subfield code="a">Dictionary.</subfield>
  </datafield>
  <datafield tag="520" ind1=" " ind2=" ">
    <subfield code="a">Les scandales sanitaires qui ont secoué la France et les pays occidentaux au cours des dernières décennies ont mené à la création d&apos;agences chargées d&apos;évaluer les risques en matière de santé publique et d&apos;environnement, tandis que les injonctions à une expertise toujours plus indépendante, transparente, objective et scientifique se sont multipliées. Pourtant, les pratiques restent souvent éloignées de ces Impératifs. Compromis toujours &quot;impur&quot; entre science et politique, l&apos;expertise résulte largement de luttes se jouant bien en amont, autour de la production de connaissances, qui mobilise une multitude d&apos;intervenants : chercheurs, agents administratifs, collectifs de victimes, industriels, lobbyistes, journalistes, lanceurs d&apos;alerte, etc. A destination des praticiens, étudiants et enseignants, ce premier dictionnaire consacré à l&apos;expertise sanitaire en décrit les usages, notions et concepts en quelque 40 notices. S&apos;appuyant sur les recherches les plus récentes, il rend compte à la fois des contextes institutionnels dans lesquels l&apos;expertise s&apos;inscrit et des acteurs qui y participent ou en subissent les conséquences. --</subfield>
    <subfield code="c">Provided by publisher.</subfield>
  </datafield>
  <datafield tag="650" ind1=" " ind2="0">
    <subfield code="a">Public health</subfield>
    <subfield code="z">European Union countries.</subfield>
  </datafield>
  <datafield tag="700" ind1="1" ind2=" ">
    <subfield code="a">Henry, Emmanuel.</subfield>
  </datafield>
  <datafield tag="830" ind1=" " ind2="0">
    <subfield code="a">Références (Presses de la Fondation nationale des sciences politiques)</subfield>
  </datafield>
  <datafield tag="923" ind1=" " ind2=" ">
    <subfield code="d">20151009</subfield>
    <subfield code="n">549099</subfield>
    <subfield code="s">93000601</subfield>
  </datafield>
  <datafield tag="985" ind1=" " ind2=" ">
    <subfield code="e">VENDOR LOAD</subfield>
  </datafield>
</record>