
<record>
  <leader>03666cam a22004577i 4500</leader>
  <controlfield tag="001">18826028</controlfield>
  <controlfield tag="005">20200103150524.0</controlfield>
  <controlfield tag="008">151021s2016    nyu      b    001 0 eng  </controlfield>
  <datafield tag="906" ind1=" " ind2=" ">
    <subfield code="a">7</subfield>
    <subfield code="b">cbc</subfield>
    <subfield code="c">orignew</subfield>
    <subfield code="d">1</subfield>
    <subfield code="e">ecip</subfield>
    <subfield code="f">20</subfield>
    <subfield code="g">y-gencatlg</subfield>
  </datafield>
  <datafield tag="925" ind1="0" ind2=" ">
    <subfield code="a">acquire</subfield>
    <subfield code="b">1 shelf copy</subfield>
    <subfield code="x">policy default</subfield>
    <subfield code="e">claim1  2016-06-24</subfield>
  </datafield>
  <datafield tag="955" ind1=" " ind2=" ">
    <subfield code="b">rf03 2015-10-21</subfield>
    <subfield code="c">rf03 2015-10-21 ONIX to GPSE for subj.</subfield>
    <subfield code="d">rm15 2015-10-27</subfield>
    <subfield code="a">rm15 2015-10-27 to Dewey</subfield>
    <subfield code="w">xl03 2015-10-28</subfield>
    <subfield code="a">xn05 2016-07-13 1 copy rec&apos;d., to CIP ver.</subfield>
    <subfield code="f">rm06 2016-07-18 to CALM</subfield>
  </datafield>
  <datafield tag="010" ind1=" " ind2=" ">
    <subfield code="a">  2015028211</subfield>
  </datafield>
  <datafield tag="020" ind1=" " ind2=" ">
    <subfield code="a">9781137530325 (hardback)</subfield>
  </datafield>
  <datafield tag="020" ind1=" " ind2=" ">
    <subfield code="z">9781137530349 (E-PUB)</subfield>
  </datafield>
  <datafield tag="020" ind1=" " ind2=" ">
    <subfield code="z">9781137530332 (E-PDF)</subfield>
  </datafield>
  <datafield tag="040" ind1=" " ind2=" ">
    <subfield code="a">DLC</subfield>
    <subfield code="b">eng</subfield>
    <subfield code="c">DLC</subfield>
    <subfield code="e">rda</subfield>
    <subfield code="d">DLC</subfield>
  </datafield>
  <datafield tag="043" ind1=" " ind2=" ">
    <subfield code="a">e-ie---</subfield>
  </datafield>
  <datafield tag="050" ind1="0" ind2="0">
    <subfield code="a">HV6548.I73</subfield>
    <subfield code="b">G37 2016</subfield>
  </datafield>
  <datafield tag="082" ind1="0" ind2="0">
    <subfield code="a">362.28084/2109417</subfield>
    <subfield code="2">23</subfield>
  </datafield>
  <datafield tag="084" ind1=" " ind2=" ">
    <subfield code="a">SOC002010</subfield>
    <subfield code="a">SOC005000</subfield>
    <subfield code="a">SOC018000</subfield>
    <subfield code="a">SOC036000</subfield>
    <subfield code="2">bisacsh</subfield>
  </datafield>
  <datafield tag="100" ind1="1" ind2=" ">
    <subfield code="a">Garcia, Felicia,</subfield>
    <subfield code="e">author.</subfield>
  </datafield>
  <datafield tag="245" ind1="1" ind2="0">
    <subfield code="a">Coping and suicide amongst the lads :</subfield>
    <subfield code="b">expectations of masculinity in post-traditional Ireland /</subfield>
    <subfield code="c">Felicia Garcia.</subfield>
  </datafield>
  <datafield tag="264" ind1=" " ind2="1">
    <subfield code="a">New York, NY :</subfield>
    <subfield code="b">Palgrave Macmillan,</subfield>
    <subfield code="c">2016.</subfield>
  </datafield>
  <datafield tag="300" ind1=" " ind2=" ">
    <subfield code="a">xvii, 235 pages ;</subfield>
    <subfield code="c">23 cm.</subfield>
  </datafield>
  <datafield tag="336" ind1=" " ind2=" ">
    <subfield code="a">text</subfield>
    <subfield code="2">rdacontent</subfield>
  </datafield>
  <datafield tag="337" ind1=" " ind2=" ">
    <subfield code="a">unmediated</subfield>
    <subfield code="2">rdamedia</subfield>
  </datafield>
  <datafield tag="338" ind1=" " ind2=" ">
    <subfield code="a">volume</subfield>
    <subfield code="2">rdacarrier</subfield>
  </datafield>
  <datafield tag="490" ind1="0" ind2=" ">
    <subfield code="a">Global masculinities</subfield>
  </datafield>
  <datafield tag="520" ind1=" " ind2=" ">
    <subfield code="a">&quot;For every female suicide in Ireland, there are five male suicides. Coping and Suicide amongst the Lads is based on fieldwork in this book was done in and around Cork, Ireland between 2008 and 2012 among some forty young lads, aged 18-34. This anthropological approach aims to help explain why some groups in a specific society or community are more prone to commit suicide than others. In addition to suicide, this book focuses extensively on related issues such as alcohol, drug abuse, and other self-destructive behaviors prominent within Irish lad culture. This includes peer pressures and loyalties, chauvinistic jargon, homophobic bullying, humor, and the culture of mocking so as to grasp the cultural expectations of this particular form of masculinity. The everyday workings of gender segregation and gender-appropriateness is examined in detail by informants while addressing the underlying question whether increased gender equality--which includes men--could lessen young men&apos;s vulnerability to self-destructive behaviors and suicide in Ireland&quot;--</subfield>
    <subfield code="c">Provided by publisher.</subfield>
  </datafield>
  <datafield tag="520" ind1=" " ind2=" ">
    <subfield code="a">&quot;This in-depth ethnographic account of male suicide in Ireland deals examines the young Irish working class males who are dealing and coping with life&apos;s many stressors in ways that differ significantly from their female peers. Irish suicide statistics and local testimonies indicate how gender specific pain and distress really is and what it means to be male in Ireland today&quot;--</subfield>
    <subfield code="c">Provided by publisher.</subfield>
  </datafield>
  <datafield tag="504" ind1=" " ind2=" ">
    <subfield code="a">Includes bibliographical references (pages 223-230) and index.</subfield>
  </datafield>
  <datafield tag="505" ind1="8" ind2=" ">
    <subfield code="a">Machine generated contents note: -- 1. Introduction2. Theorizing Social Change in Ireland3. Low Income Youth: Autonomy and Independence4. Neo-Traditional Masculinity and Social Change5. Policing and Schooling Gender Appropriate Behavior 6. Consuming the Craic, Destroying the Body 7. Concluding Discussion.</subfield>
  </datafield>
  <datafield tag="650" ind1=" " ind2="0">
    <subfield code="a">Suicide</subfield>
    <subfield code="x">Anthropological aspects</subfield>
    <subfield code="z">Ireland.</subfield>
  </datafield>
  <datafield tag="650" ind1=" " ind2="0">
    <subfield code="a">Young men</subfield>
    <subfield code="x">Suicidal behavior</subfield>
    <subfield code="z">Ireland.</subfield>
  </datafield>
  <datafield tag="650" ind1=" " ind2="0">
    <subfield code="a">Young men</subfield>
    <subfield code="z">Ireland</subfield>
    <subfield code="x">Social conditions.</subfield>
  </datafield>
  <datafield tag="650" ind1=" " ind2="0">
    <subfield code="a">Working class men</subfield>
    <subfield code="z">Ireland</subfield>
    <subfield code="x">Social conditions.</subfield>
  </datafield>
  <datafield tag="650" ind1=" " ind2="0">
    <subfield code="a">Masculinity</subfield>
    <subfield code="z">Ireland.</subfield>
  </datafield>
  <datafield tag="650" ind1=" " ind2="7">
    <subfield code="a">SOCIAL SCIENCE / Anthropology / Cultural.</subfield>
    <subfield code="2">bisacsh</subfield>
  </datafield>
  <datafield tag="650" ind1=" " ind2="7">
    <subfield code="a">SOCIAL SCIENCE / Customs &amp; Traditions.</subfield>
    <subfield code="2">bisacsh</subfield>
  </datafield>
  <datafield tag="650" ind1=" " ind2="7">
    <subfield code="a">SOCIAL SCIENCE / Men&apos;s Studies.</subfield>
    <subfield code="2">bisacsh</subfield>
  </datafield>
  <datafield tag="650" ind1=" " ind2="7">
    <subfield code="a">SOCIAL SCIENCE / Death &amp; Dying.</subfield>
    <subfield code="2">bisacsh</subfield>
  </datafield>
</record>