
<record>
  <leader>01769cam a22003137i 4500</leader>
  <controlfield tag="001">18829793</controlfield>
  <controlfield tag="005">20200103120808.0</controlfield>
  <controlfield tag="008">151023s2015    ru a          000 0 rus  </controlfield>
  <datafield tag="906" ind1=" " ind2=" ">
    <subfield code="a">7</subfield>
    <subfield code="b">cbc</subfield>
    <subfield code="c">orignew</subfield>
    <subfield code="d">2</subfield>
    <subfield code="e">ncip</subfield>
    <subfield code="f">20</subfield>
    <subfield code="g">y-nonroman</subfield>
  </datafield>
  <datafield tag="925" ind1="0" ind2=" ">
    <subfield code="a">acquire</subfield>
    <subfield code="b">1 shelf copy</subfield>
    <subfield code="x">policy default</subfield>
  </datafield>
  <datafield tag="955" ind1=" " ind2=" ">
    <subfield code="c">cd15 2015/10/23 to ce08 for review;</subfield>
    <subfield code="a">ce08 2015-10-26 to cd15</subfield>
    <subfield code="a">cd00 2015-10-26 to ASME/IJ ;</subfield>
    <subfield code="a">cd06 2015-10-27 reviewed, to cd15</subfield>
    <subfield code="d">cd06 2015-10-27</subfield>
    <subfield code="e">cd04 2015-10-27 to Labeling</subfield>
  </datafield>
  <datafield tag="010" ind1=" " ind2=" ">
    <subfield code="a">  2015422006</subfield>
  </datafield>
  <datafield tag="020" ind1=" " ind2=" ">
    <subfield code="a">9785846514614</subfield>
  </datafield>
  <datafield tag="040" ind1=" " ind2=" ">
    <subfield code="a">DLC</subfield>
    <subfield code="b">eng</subfield>
    <subfield code="c">DLC</subfield>
    <subfield code="e">rda</subfield>
  </datafield>
  <datafield tag="043" ind1=" " ind2=" ">
    <subfield code="a">e-ru---</subfield>
  </datafield>
  <datafield tag="050" ind1="0" ind2="0">
    <subfield code="a">Z115.4</subfield>
    <subfield code="b">I256 2015</subfield>
  </datafield>
  <datafield tag="066" ind1=" " ind2=" ">
    <subfield code="c">(N</subfield>
  </datafield>
  <datafield tag="100" ind1="1" ind2=" ">
    <subfield code="a">I︠A︡kerson, S. M.</subfield>
    <subfield code="q">(Semen Mordukhovich),</subfield>
    <subfield code="e">author.</subfield>
  </datafield>
  <datafield tag="245" ind1="1" ind2="0">
    <subfield code="6">880-01</subfield>
    <subfield code="a">Ot︠s︡ar sefarad--Sefardskai︡a︡ sokrovishchnit︠s︡a :</subfield>
    <subfield code="b">Sefardskai︠a︡ kniga X-XV vv. ot rukopisnoĭ k pechatnoĭ traditsii = Ozar Sepharad--Sephardic treasury /</subfield>
    <subfield code="c">S.M. I︠a︡kerson.</subfield>
  </datafield>
  <datafield tag="880" ind1="1" ind2="0">
    <subfield code="6">245-01/(N</subfield>
    <subfield code="a">Оцар сефарад-сефардская сокровищница :</subfield>
    <subfield code="b">Сефардская книга Х-ХV вв. от рукописной̆ к печатной традиции = Ozar Sefarad--Sefardic treasury /</subfield>
    <subfield code="c">С.М. Якерсон.</subfield>
  </datafield>
  <datafield tag="264" ind1=" " ind2="1">
    <subfield code="6">880-02</subfield>
    <subfield code="a">Sankt-Peterburg :</subfield>
    <subfield code="b">Filologicheskiĭ fakultet, Sankt-Peterburgskiĭ Universitet,</subfield>
    <subfield code="c">2015.</subfield>
  </datafield>
  <datafield tag="880" ind1=" " ind2="1">
    <subfield code="6">264-02/(N</subfield>
    <subfield code="a">Санкт-Петербург :</subfield>
    <subfield code="b">Филологический факультет, Санкт-Петербургский государственный университет,</subfield>
    <subfield code="c">2015.</subfield>
  </datafield>
  <datafield tag="300" ind1=" " ind2=" ">
    <subfield code="a">127 pages :</subfield>
    <subfield code="b">illustrations ;</subfield>
    <subfield code="c">22 cm</subfield>
  </datafield>
  <datafield tag="336" ind1=" " ind2=" ">
    <subfield code="a">text</subfield>
    <subfield code="b">txt</subfield>
    <subfield code="2">rdacontent</subfield>
  </datafield>
  <datafield tag="337" ind1=" " ind2=" ">
    <subfield code="a">unmediated</subfield>
    <subfield code="b">n</subfield>
    <subfield code="2">rdamedia</subfield>
  </datafield>
  <datafield tag="338" ind1=" " ind2=" ">
    <subfield code="a">volume</subfield>
    <subfield code="b">nc</subfield>
    <subfield code="2">rdacarrier</subfield>
  </datafield>
  <datafield tag="500" ind1=" " ind2=" ">
    <subfield code="a">Manual for the students of Hebrew studies.</subfield>
  </datafield>
  <datafield tag="650" ind1=" " ind2="0">
    <subfield code="a">Paleography, Hebrew.</subfield>
  </datafield>
  <datafield tag="923" ind1=" " ind2=" ">
    <subfield code="a">gift</subfield>
  </datafield>
</record>