
<record>
  <leader>02566cam a22003257i 4500</leader>
  <controlfield tag="001">18830158</controlfield>
  <controlfield tag="005">20200103120810.0</controlfield>
  <controlfield tag="008">150929s2015    ru            000 0 rus  </controlfield>
  <datafield tag="906" ind1=" " ind2=" ">
    <subfield code="a">7</subfield>
    <subfield code="b">cbc</subfield>
    <subfield code="c">origres</subfield>
    <subfield code="d">3</subfield>
    <subfield code="e">ncip</subfield>
    <subfield code="f">20</subfield>
    <subfield code="g">y-nonroman</subfield>
  </datafield>
  <datafield tag="925" ind1="0" ind2=" ">
    <subfield code="a">acquire</subfield>
    <subfield code="b">1 shelf copy</subfield>
    <subfield code="x">policy default</subfield>
  </datafield>
  <datafield tag="955" ind1=" " ind2=" ">
    <subfield code="b">fe06 2015-12-01 to cat.</subfield>
    <subfield code="a">fe00 2015-12-01 to GS/RUS</subfield>
    <subfield code="i">fe12 2018-08-29 to shelf</subfield>
  </datafield>
  <datafield tag="010" ind1=" " ind2=" ">
    <subfield code="a">  2015467891</subfield>
  </datafield>
  <datafield tag="035" ind1=" " ind2=" ">
    <subfield code="a">(RuMoEVIS)ev1141820B</subfield>
  </datafield>
  <datafield tag="040" ind1=" " ind2=" ">
    <subfield code="a">DLC</subfield>
    <subfield code="b">eng</subfield>
    <subfield code="e">rda</subfield>
    <subfield code="c">DLC</subfield>
  </datafield>
  <datafield tag="043" ind1=" " ind2=" ">
    <subfield code="a">e-ru---</subfield>
  </datafield>
  <datafield tag="050" ind1="0" ind2="0">
    <subfield code="a">MLCS 2018/47935 (H)</subfield>
  </datafield>
  <datafield tag="066" ind1=" " ind2=" ">
    <subfield code="c">(N</subfield>
  </datafield>
  <datafield tag="245" ind1="0" ind2="0">
    <subfield code="6">880-01</subfield>
    <subfield code="a">Okhrana i ėffektivnoe ispolʹzovanie nauchnykh otkrytiĭ i izobreteniĭ--osnova strategii innovat︠s︡ionnogo proryva :</subfield>
    <subfield code="b">Materialy k Mezhdunarodnoĭ nauchno-prakticheskoĭ konferent︠s︡ii v ramkakh 18-go Moskovskogo mezhdunarodnogo Salona izobreteniĭ i innovat︠s︡ionnykh tekhnologiĭ &quot;Arkhimed&quot; Moskva, Kongressno-vystavochnyĭ t︠s︡entr &quot;Sokolʹniki&quot;, 2 apreli︠a︡ 2015 g. /</subfield>
    <subfield code="c">Nauchnyĭ redaktor I︠U︡.V. I︠A︡kovet︠s︡.</subfield>
  </datafield>
  <datafield tag="880" ind1="0" ind2="0">
    <subfield code="6">245-01/(N</subfield>
    <subfield code="a">Охрана и эффективное использование научных открытий и изобретений--основа стратегии инновационного прорыва :</subfield>
    <subfield code="b">Материалы к Международной научно-практической конференции в рамках 18-го Московского международного Салона изобретений и инновационных технологий &quot;Архимед&quot; Москва, Конгрессно-выставочный центр &quot;Сокольники&quot;, 2 апреля 2015 г. /</subfield>
    <subfield code="c">Научный редактор Ю.В. Яковец.</subfield>
  </datafield>
  <datafield tag="264" ind1=" " ind2="1">
    <subfield code="6">880-02</subfield>
    <subfield code="a">Moskva :</subfield>
    <subfield code="b">INĖS :</subfield>
    <subfield code="b">MISK,</subfield>
    <subfield code="c">2015.</subfield>
  </datafield>
  <datafield tag="880" ind1=" " ind2="1">
    <subfield code="6">264-02/(N</subfield>
    <subfield code="a">Москва :</subfield>
    <subfield code="b">ИНЭС :</subfield>
    <subfield code="b">МИСК,</subfield>
    <subfield code="c">2015.</subfield>
  </datafield>
  <datafield tag="300" ind1=" " ind2=" ">
    <subfield code="a">103 pages ;</subfield>
    <subfield code="c">21 cm</subfield>
  </datafield>
  <datafield tag="336" ind1=" " ind2=" ">
    <subfield code="a">text</subfield>
    <subfield code="b">txt</subfield>
    <subfield code="2">rdacontent</subfield>
  </datafield>
  <datafield tag="337" ind1=" " ind2=" ">
    <subfield code="a">unmediated</subfield>
    <subfield code="b">n</subfield>
    <subfield code="2">rdamedia</subfield>
  </datafield>
  <datafield tag="338" ind1=" " ind2=" ">
    <subfield code="a">volume</subfield>
    <subfield code="b">nc</subfield>
    <subfield code="2">rdacarrier</subfield>
  </datafield>
  <datafield tag="500" ind1=" " ind2=" ">
    <subfield code="a">At head of title: Institut ėkonomicheskikh strategiĭ (INĖS). Mezhdunarodnyĭ institut Pitirima Sorokina - Nikolai︠a︡ Kondatʹeva (MISK). Federalʹnyĭ institut ot︠s︡enki i sertifikat︠s︡ii intellektualʹnoĭ sobstvennosti i biznesa (SOIS). Evraziĭskiĭ nauchno-obrazovatelʹnyĭ t︠s︡entr po intellektualʹnoĭ sobstvennosti.</subfield>
  </datafield>
  <datafield tag="653" ind1="0" ind2=" ">
    <subfield code="a">Intellectual property protection;</subfield>
    <subfield code="a">Congresses.</subfield>
  </datafield>
  <datafield tag="700" ind1="1" ind2=" ">
    <subfield code="a">I︠A︡kovet︠s︡, I︠U︡. V.</subfield>
    <subfield code="q">(I︠U︡riĭ Vladimirovich),</subfield>
    <subfield code="e">editor.</subfield>
  </datafield>
  <datafield tag="923" ind1=" " ind2=" ">
    <subfield code="d">20151007</subfield>
    <subfield code="n">10149680</subfield>
    <subfield code="s">RuMoEVIS</subfield>
  </datafield>
  <datafield tag="985" ind1=" " ind2=" ">
    <subfield code="e">VENDOR LOAD</subfield>
  </datafield>
</record>