
<record>
  <leader>02239cam a22003377i 4500</leader>
  <controlfield tag="001">18830245</controlfield>
  <controlfield tag="005">20200103120810.0</controlfield>
  <controlfield tag="008">150925s2015    ru            000 0 rus  </controlfield>
  <datafield tag="906" ind1=" " ind2=" ">
    <subfield code="a">7</subfield>
    <subfield code="b">cbc</subfield>
    <subfield code="c">origres</subfield>
    <subfield code="d">3</subfield>
    <subfield code="e">ncip</subfield>
    <subfield code="f">20</subfield>
    <subfield code="g">y-nonroman</subfield>
  </datafield>
  <datafield tag="925" ind1="0" ind2=" ">
    <subfield code="a">acquire</subfield>
    <subfield code="b">1 shelf copy</subfield>
    <subfield code="x">policy default</subfield>
  </datafield>
  <datafield tag="955" ind1=" " ind2=" ">
    <subfield code="b">fe15 2015-12-08 telework to cat.</subfield>
    <subfield code="a">fe00 2015-12-16 to GS/RUS</subfield>
    <subfield code="h">fe12 2018-10-22 to shelf</subfield>
  </datafield>
  <datafield tag="010" ind1=" " ind2=" ">
    <subfield code="a">  2015496109</subfield>
  </datafield>
  <datafield tag="020" ind1=" " ind2=" ">
    <subfield code="a">9785946071994 (pbk.)</subfield>
  </datafield>
  <datafield tag="035" ind1=" " ind2=" ">
    <subfield code="a">(RuMoEVIS)ev1141456B</subfield>
  </datafield>
  <datafield tag="040" ind1=" " ind2=" ">
    <subfield code="a">DLC</subfield>
    <subfield code="b">eng</subfield>
    <subfield code="e">rda</subfield>
    <subfield code="c">DLC</subfield>
  </datafield>
  <datafield tag="050" ind1="0" ind2="0">
    <subfield code="a">MLCM 2018/48858 (N)</subfield>
  </datafield>
  <datafield tag="066" ind1=" " ind2=" ">
    <subfield code="c">(N</subfield>
  </datafield>
  <datafield tag="100" ind1="1" ind2=" ">
    <subfield code="a">Demchenko, L. A.,</subfield>
    <subfield code="e">authors.</subfield>
  </datafield>
  <datafield tag="245" ind1="1" ind2="0">
    <subfield code="6">880-01</subfield>
    <subfield code="a">Totemskoe muzeĭnoe obʺedinenie :</subfield>
    <subfield code="b">alʹbom-putevoditelʹ po kollekt︠s︡ii︠a︡m ikonopisʹ, derevi︠a︡nnai︠a︡ skulʹptura, kresty, litye ikony, votivnye podveski, kosti︠u︡m, tkani, vyshivka, derevi︠a︡nnai︠a︡ utvarʹ i orudii︠a︡ truda, igrushechnoe delo v Totʹme, totemskie morekhody, fotoarkhiv, pri︠a︡lki iz sobranii︠a︡ TMO /</subfield>
    <subfield code="c">Avtory stateĭ: L.A. Demchenko [and others].</subfield>
  </datafield>
  <datafield tag="880" ind1="1" ind2="0">
    <subfield code="6">245-01/(N</subfield>
    <subfield code="a">Тотемское музейное объединение :</subfield>
    <subfield code="b">альбом-путеводитель по коллекциям иконопись, деревянная скульптура, кресты, литые иконы, вотивные подвески, костюм, ткани, вышивка, деревянная утварь и орудия труда, игрушечное дело в Тотьме, тотемские мореходы, фотоархив, прялки из собрания ТМО /</subfield>
    <subfield code="c">Авторы статей: Л.А. Демченко [and others].</subfield>
  </datafield>
  <datafield tag="264" ind1=" " ind2="1">
    <subfield code="6">880-02</subfield>
    <subfield code="a">Moskva :</subfield>
    <subfield code="b">Tri Kvadrata,</subfield>
    <subfield code="c">2015.</subfield>
  </datafield>
  <datafield tag="880" ind1=" " ind2="1">
    <subfield code="6">264-02/(N</subfield>
    <subfield code="a">Москва :</subfield>
    <subfield code="b">Три Квадрата,</subfield>
    <subfield code="c">2015.</subfield>
  </datafield>
  <datafield tag="300" ind1=" " ind2=" ">
    <subfield code="a">193 pages ;</subfield>
    <subfield code="c">26 cm.</subfield>
  </datafield>
  <datafield tag="336" ind1=" " ind2=" ">
    <subfield code="a">text</subfield>
    <subfield code="b">txt</subfield>
    <subfield code="2">rdacontent</subfield>
  </datafield>
  <datafield tag="337" ind1=" " ind2=" ">
    <subfield code="a">unmediated</subfield>
    <subfield code="b">n</subfield>
    <subfield code="2">rdamedia</subfield>
  </datafield>
  <datafield tag="338" ind1=" " ind2=" ">
    <subfield code="a">volume</subfield>
    <subfield code="b">nc</subfield>
    <subfield code="2">rdacarrier</subfield>
  </datafield>
  <datafield tag="490" ind1="0" ind2=" ">
    <subfield code="6">880-03</subfield>
    <subfield code="a">Khudozhestvennye sokrovishcha rossiĭskoĭ provint︠s︡ii ;</subfield>
    <subfield code="v">5</subfield>
  </datafield>
  <datafield tag="880" ind1="0" ind2=" ">
    <subfield code="6">490-03/(N</subfield>
    <subfield code="a">Художественные сокровища российской провинции ;</subfield>
    <subfield code="v">5</subfield>
  </datafield>
  <datafield tag="653" ind1="0" ind2=" ">
    <subfield code="a">Russian Art;</subfield>
    <subfield code="a">Icons;</subfield>
    <subfield code="a">Art museums</subfield>
  </datafield>
  <datafield tag="923" ind1=" " ind2=" ">
    <subfield code="d">20151007</subfield>
    <subfield code="n">10149721</subfield>
    <subfield code="s">RuMoEVIS</subfield>
  </datafield>
  <datafield tag="985" ind1=" " ind2=" ">
    <subfield code="e">VENDOR LOAD</subfield>
  </datafield>
</record>