
<record>
  <leader>03725cam a22003737i 4500</leader>
  <controlfield tag="001">18831047</controlfield>
  <controlfield tag="005">20200103120815.0</controlfield>
  <controlfield tag="008">151005s2015    fr ab  g bc   000 0 fre  </controlfield>
  <datafield tag="906" ind1=" " ind2=" ">
    <subfield code="a">7</subfield>
    <subfield code="b">cbc</subfield>
    <subfield code="c">origres</subfield>
    <subfield code="d">3</subfield>
    <subfield code="e">ncip</subfield>
    <subfield code="f">20</subfield>
    <subfield code="g">y-gencatlg</subfield>
  </datafield>
  <datafield tag="925" ind1="0" ind2=" ">
    <subfield code="a">acquire</subfield>
    <subfield code="b">1 shelf copy</subfield>
    <subfield code="x">policy default</subfield>
  </datafield>
  <datafield tag="955" ind1=" " ind2=" ">
    <subfield code="b">bd19 2015-12-09</subfield>
    <subfield code="b">bd31 2018-06-19 z-processor</subfield>
    <subfield code="b">bc12 2018-08-20 z-processor (telework)</subfield>
    <subfield code="i">bc12 2018-10-10 (telework)</subfield>
    <subfield code="e">bc12 2018-10-25 to BCCD (ABACheck &amp; Labeled)</subfield>
  </datafield>
  <datafield tag="010" ind1=" " ind2=" ">
    <subfield code="a">  2015497715</subfield>
  </datafield>
  <datafield tag="020" ind1=" " ind2=" ">
    <subfield code="a">9782842802615</subfield>
    <subfield code="q">(paperback)</subfield>
  </datafield>
  <datafield tag="020" ind1=" " ind2=" ">
    <subfield code="a">2842802616</subfield>
    <subfield code="q">(paperback)</subfield>
  </datafield>
  <datafield tag="040" ind1=" " ind2=" ">
    <subfield code="a">DLC</subfield>
    <subfield code="b">eng</subfield>
    <subfield code="e">rda</subfield>
    <subfield code="c">DLC</subfield>
  </datafield>
  <datafield tag="043" ind1=" " ind2=" ">
    <subfield code="a">f------</subfield>
  </datafield>
  <datafield tag="050" ind1="0" ind2="0">
    <subfield code="a">N7380.5</subfield>
    <subfield code="b">.A375 2015</subfield>
  </datafield>
  <datafield tag="245" ind1="0" ind2="0">
    <subfield code="a">Afrique, la croisée des mondes.</subfield>
  </datafield>
  <datafield tag="264" ind1=" " ind2="1">
    <subfield code="a">Saint-Maur :</subfield>
    <subfield code="b">Sépia,</subfield>
    <subfield code="c">[2015]</subfield>
  </datafield>
  <datafield tag="264" ind1=" " ind2="4">
    <subfield code="a">©2015.</subfield>
  </datafield>
  <datafield tag="300" ind1=" " ind2=" ">
    <subfield code="a">192 pages :</subfield>
    <subfield code="b">illustrations (chiefly color), maps ;</subfield>
    <subfield code="c">23 cm</subfield>
  </datafield>
  <datafield tag="336" ind1=" " ind2=" ">
    <subfield code="a">text</subfield>
    <subfield code="b">txt</subfield>
    <subfield code="2">rdacontent</subfield>
  </datafield>
  <datafield tag="337" ind1=" " ind2=" ">
    <subfield code="a">unmediated</subfield>
    <subfield code="b">n</subfield>
    <subfield code="2">rdamedia</subfield>
  </datafield>
  <datafield tag="338" ind1=" " ind2=" ">
    <subfield code="a">volume</subfield>
    <subfield code="b">nc</subfield>
    <subfield code="2">rdacarrier</subfield>
  </datafield>
  <datafield tag="500" ind1=" " ind2=" ">
    <subfield code="a">Published to accompany an exhibition held at the Musée d&apos;Angoulême, France, May 16 2015-Jan. 3, 2016.</subfield>
  </datafield>
  <datafield tag="504" ind1=" " ind2=" ">
    <subfield code="a">Includes bibliographical references (pages 189-191).</subfield>
  </datafield>
  <datafield tag="505" ind1="0" ind2="0">
    <subfield code="t">Des &quot;logiques métisses&quot; intracontinentales --</subfield>
    <subfield code="t">Métissage, branchement et invention de la tradition dans les cultures africaines --</subfield>
    <subfield code="t">Les regalia ashanti --</subfield>
    <subfield code="t">Le masque heaume à mâchoire zoomorphe, une expansion du delta intérieur du Niger aux régions forestières du Ghana --</subfield>
    <subfield code="t">Baoulé, Gouro et Wan --</subfield>
    <subfield code="t">L&apos;influence de l&apos;islam et du christianisme sur l&apos;art du masque en pays San --</subfield>
    <subfield code="t">Fon et Yoruba --</subfield>
    <subfield code="t">La pénétration de l&apos;Orient et de l&apos;extrême-Orient sur le continent Africain --</subfield>
    <subfield code="t">La vieille ville de Mombasa (Kenya) : une architecture africaine cosmopolite --</subfield>
    <subfield code="t">Le kanga swahili --</subfield>
    <subfield code="t">L&apos;art des amulettes protectrices, la collection du Musée d&apos;Angoulême --</subfield>
    <subfield code="t">Deux tuniques talismaniques --</subfield>
    <subfield code="t">Un fixé sous verre sénégalais --</subfield>
    <subfield code="t">Les poids à peser l&apos;or --</subfield>
    <subfield code="t">Le boubou --</subfield>
    <subfield code="t">La mellafa --</subfield>
    <subfield code="t">Les rouleaux protecteurs éthiopiens --</subfield>
    <subfield code="t">La rencontre avec l&apos;Occident --</subfield>
    <subfield code="t">Figurer la mondialisation, des ivoires ouest africains du XVIe siècle --</subfield>
    <subfield code="t">Les ivoires afro-portugais --</subfield>
    <subfield code="t">Une chaise ashanti --</subfield>
    <subfield code="t">Entre l&apos;Afrique et l&apos;Atlantique : arts et histoire au royaume chrétien du Kongo --</subfield>
    <subfield code="t">Un crucifix senoufo --</subfield>
    <subfield code="t">Les statuettes funéraires en terre cuite de la Côte de l&apos;Or, témoins d&apos;une première christianisation --</subfield>
    <subfield code="t">Métamorphose d&apos;une marchandise de &quot;pacotilles&quot;, l&apos;art des perles en Afrique du Sud --</subfield>
    <subfield code="t">Les perlages Yoruba --</subfield>
    <subfield code="t">Les gardiens de reliques Kota --</subfield>
    <subfield code="t">Les wax --</subfield>
    <subfield code="t">L&apos;art moderne Africain en questions --</subfield>
    <subfield code="t">Usage authentique pour d&apos;inauthentiques objets d&apos;art --</subfield>
    <subfield code="t">Les époux de l&apos;au-delà baoulé --</subfield>
    <subfield code="t">Poteries africaines figurées modernes --</subfield>
    <subfield code="t">Les poteries bateke --</subfield>
    <subfield code="t">Les masques makishi.</subfield>
  </datafield>
  <datafield tag="520" ind1=" " ind2=" ">
    <subfield code="a">&quot;Cet ouvrage propose une relecture de l&apos;art africain trop souvent qualifié de &quot;premier&quot; ou &quot; primitif &quot; qualificatifs qui sous-entendent l&apos;idée de peuples immuables et donc d&apos;un art figé dans le temps. Les arts africains portent bien au contraire en eux les traces matérielles et formelles de rencontres et d&apos;échanges multiples, parfois très anciens, aussi bien avec le monde musulman, l&apos;Asie, l&apos;Europe mais également au sein du continent. Ainsi, des objets fameux comme les ivoires afro-portugais, la statuaire akan ou baoulé, les gardiens de reliques Kota, les perlages sud-africain ou textiles swahili sont présentés sous ce jour nouveau.&quot;--Page 4 of cover.</subfield>
  </datafield>
  <datafield tag="650" ind1=" " ind2="0">
    <subfield code="a">Art, African</subfield>
    <subfield code="v">Exhibitions.</subfield>
  </datafield>
  <datafield tag="650" ind1=" " ind2="0">
    <subfield code="a">Ethnicity</subfield>
    <subfield code="z">Africa</subfield>
    <subfield code="v">Exhibitions.</subfield>
  </datafield>
  <datafield tag="651" ind1=" " ind2="0">
    <subfield code="a">Africa</subfield>
    <subfield code="x">Civilization</subfield>
    <subfield code="v">Exhibitions.</subfield>
  </datafield>
  <datafield tag="710" ind1="2" ind2=" ">
    <subfield code="a">Musée des beaux-arts d&apos;Angoulême.</subfield>
  </datafield>
  <datafield tag="923" ind1=" " ind2=" ">
    <subfield code="d">20151013</subfield>
    <subfield code="n">549301</subfield>
    <subfield code="s">93000601</subfield>
  </datafield>
  <datafield tag="985" ind1=" " ind2=" ">
    <subfield code="e">VENDOR LOAD</subfield>
  </datafield>
</record>