
<record>
  <leader>02757cam a2200397 i 4500</leader>
  <controlfield tag="001">18832094</controlfield>
  <controlfield tag="005">20200103142119.0</controlfield>
  <controlfield tag="008">151026s2014    ohu      b    001 0 heb  </controlfield>
  <datafield tag="906" ind1=" " ind2=" ">
    <subfield code="a">7</subfield>
    <subfield code="b">cbc</subfield>
    <subfield code="c">origres</subfield>
    <subfield code="d">2</subfield>
    <subfield code="e">ncip</subfield>
    <subfield code="f">20</subfield>
    <subfield code="g">y-nonroman</subfield>
  </datafield>
  <datafield tag="925" ind1="0" ind2=" ">
    <subfield code="a">acquire</subfield>
    <subfield code="b">1 shelf copy</subfield>
    <subfield code="x">policy default</subfield>
  </datafield>
  <datafield tag="955" ind1=" " ind2=" ">
    <subfield code="b">th87 2015-10-26 z-processor JACKPHY to cd00;</subfield>
    <subfield code="a">cd00 2015-10-26 to ASME/IJ;</subfield>
    <subfield code="a">cd23 2018-10-22 to cd23 for full cat.;</subfield>
    <subfield code="i">cd23 2018-11-16 telework to Hebraic shelves;</subfield>
    <subfield code="a">cd23 2020-01-03 telework Bibframe ymey</subfield>
  </datafield>
  <datafield tag="010" ind1=" " ind2=" ">
    <subfield code="a">  2015492095</subfield>
  </datafield>
  <datafield tag="040" ind1=" " ind2=" ">
    <subfield code="a">DLC</subfield>
    <subfield code="b">eng</subfield>
    <subfield code="e">rda</subfield>
    <subfield code="c">DLC</subfield>
  </datafield>
  <datafield tag="042" ind1=" " ind2=" ">
    <subfield code="a">pcc</subfield>
  </datafield>
  <datafield tag="050" ind1="0" ind2="0">
    <subfield code="a">BS1225.54</subfield>
    <subfield code="b">.K378 2014</subfield>
  </datafield>
  <datafield tag="066" ind1=" " ind2=" ">
    <subfield code="c">(2</subfield>
  </datafield>
  <datafield tag="100" ind1="1" ind2=" ">
    <subfield code="6">880-01</subfield>
    <subfield code="a">Ḳaṭts, Ḥayim Mordekhai,</subfield>
    <subfield code="d">1893 or 1894-1964,</subfield>
    <subfield code="e">author.</subfield>
  </datafield>
  <datafield tag="880" ind1="1" ind2=" ">
    <subfield code="6">100-01/(2/r‏</subfield>
    <subfield code="a">‏קטץ, חיים מרדכי.</subfield>
  </datafield>
  <datafield tag="240" ind1="1" ind2="0">
    <subfield code="a">Beʼer meḥoḳeḳ</subfield>
  </datafield>
  <datafield tag="245" ind1="1" ind2="0">
    <subfield code="6">880-02</subfield>
    <subfield code="a">Sefer Beʼer meḥoḳeḳ :</subfield>
    <subfield code="b">shiʻure daʻat, śiḥot, maʼamarim /</subfield>
    <subfield code="c">she-neʼemru ʻal yede maran ha-gaʼon Rabi Ḥayim Mordekhai Ḳaṭts, zatsal, meyased ṿe-rosh Yeshivat Ṭelz - Ḳlivland [yaḥad ʻim giso ha-g. R.A.M. Blokh, zatsal], meyased Yeshivat Telz - Shiḳago, umile-finim rosh Kolel Yeshivat Ṭelz - Liṭa, ḥatana de-be neśiʼah maran ha-gaʼon Rabi Yosef Leyb Blokh, zatsal, a.b.d. ṿe-rosh Yeshivat Ṭelz - Liṭa.</subfield>
  </datafield>
  <datafield tag="880" ind1="1" ind2="0">
    <subfield code="6">245-02/(2/r‏</subfield>
    <subfield code="a">‏ספר באר מחוקק :‏</subfield>
    <subfield code="b">‏שיעורי דעת, שיחות, מאמרים /‏</subfield>
    <subfield code="c">‏שנאמרו על ידי מרן הגאון רבי חיים מרדכי קטץ, זצ&quot;ל, מייסד וראש ישיבת טלז - קליבלנד [יחד עם גיסו הגרא&quot;מ בלאך, זצ&quot;ל], מייסד ישיבת טלז - שיקאגו, ומלפנים ראש כולל ישיבת טלז - ליטא, חתנא דבי נשיאה מרן הגאון רבי יוסף לייב בלאך, זצ&quot;ל, אב&quot;ד וראש ישיבת טלז - ליטא.</subfield>
  </datafield>
  <datafield tag="246" ind1="1" ind2="4">
    <subfield code="6">880-03</subfield>
    <subfield code="a">Beʼer meḥoḳeḳ</subfield>
  </datafield>
  <datafield tag="880" ind1="1" ind2="4">
    <subfield code="6">246-03/(2/r‏</subfield>
    <subfield code="a">‏באר מחוקק</subfield>
  </datafield>
  <datafield tag="250" ind1=" " ind2=" ">
    <subfield code="6">880-04</subfield>
    <subfield code="a">Yo. l. ba-ʻarikhah meḥudeshet ʻim melot yovel le-histalḳuto, 725-775.</subfield>
  </datafield>
  <datafield tag="880" ind1=" " ind2=" ">
    <subfield code="6">250-04/(2/r‏</subfield>
    <subfield code="a">‏יו&quot;ל בעריכה מחודשת עם מלאת יובל להסתלקותו, תשכ&quot;ה-תשע&quot;ה.</subfield>
  </datafield>
  <datafield tag="264" ind1=" " ind2="1">
    <subfield code="6">880-05</subfield>
    <subfield code="a">[Beachwood, Ohio] :</subfield>
    <subfield code="b">[Katz],</subfield>
    <subfield code="c">775 [2014 or 2015]</subfield>
  </datafield>
  <datafield tag="880" ind1=" " ind2="1">
    <subfield code="6">264-05/(2/r‏</subfield>
    <subfield code="a">‏‪[Beachwood, Ohio] :‬‏</subfield>
    <subfield code="b">‏‪[Katz],‬‏</subfield>
    <subfield code="c">‏תשע&quot;ה.</subfield>
  </datafield>
  <datafield tag="300" ind1=" " ind2=" ">
    <subfield code="a">427 pages ;</subfield>
    <subfield code="c">24 cm</subfield>
  </datafield>
  <datafield tag="500" ind1=" " ind2=" ">
    <subfield code="a">Edited by Yaʻaḳov Zeʼev ben Ḥayim Mordekhai Ḳaṭts.</subfield>
  </datafield>
  <datafield tag="504" ind1=" " ind2=" ">
    <subfield code="a">Includes bibliographical references and index.</subfield>
  </datafield>
  <datafield tag="630" ind1="0" ind2="0">
    <subfield code="a">Bible.</subfield>
    <subfield code="p">Pentateuch</subfield>
    <subfield code="v">Sermons.</subfield>
  </datafield>
  <datafield tag="650" ind1=" " ind2="0">
    <subfield code="a">Jewish sermons, Hebrew.</subfield>
  </datafield>
  <datafield tag="650" ind1=" " ind2="0">
    <subfield code="a">Jewish ethics.</subfield>
  </datafield>
  <datafield tag="700" ind1="1" ind2=" ">
    <subfield code="6">880-06</subfield>
    <subfield code="a">Katz, Y. Z.,</subfield>
    <subfield code="e">editor.</subfield>
  </datafield>
  <datafield tag="880" ind1="1" ind2=" ">
    <subfield code="6">700-06/(2/r‏</subfield>
    <subfield code="a">‏קטץ, יעקב זאב.</subfield>
  </datafield>
  <datafield tag="985" ind1=" " ind2=" ">
    <subfield code="a">BibframePilot2</subfield>
    <subfield code="e">20180504</subfield>
  </datafield>
</record>