
<record>
  <leader>03089cam a22003497i 4500</leader>
  <controlfield tag="001">18832516</controlfield>
  <controlfield tag="005">20200103150525.0</controlfield>
  <controlfield tag="008">151026s2016    cau           000 0 eng  </controlfield>
  <datafield tag="906" ind1=" " ind2=" ">
    <subfield code="a">7</subfield>
    <subfield code="b">cbc</subfield>
    <subfield code="c">orignew</subfield>
    <subfield code="d">1</subfield>
    <subfield code="e">ecip</subfield>
    <subfield code="f">20</subfield>
    <subfield code="g">y-gencatlg</subfield>
  </datafield>
  <datafield tag="925" ind1="0" ind2=" ">
    <subfield code="a">acquire</subfield>
    <subfield code="b">1 shelf copy</subfield>
    <subfield code="x">policy default</subfield>
  </datafield>
  <datafield tag="955" ind1=" " ind2=" ">
    <subfield code="b">rm13 2015-10-26</subfield>
    <subfield code="i">rm13 2015-10-26 ONIX (telework)</subfield>
    <subfield code="w">xl04 2015-10-27</subfield>
    <subfield code="a">xn05 2016-06-22 1 copy rec&apos;d., to CIP ver.</subfield>
    <subfield code="f">rm06 2016-07-06 to CALM (OT)</subfield>
  </datafield>
  <datafield tag="010" ind1=" " ind2=" ">
    <subfield code="a">  2015039440</subfield>
  </datafield>
  <datafield tag="020" ind1=" " ind2=" ">
    <subfield code="a">9781401947989 (hardback)</subfield>
  </datafield>
  <datafield tag="040" ind1=" " ind2=" ">
    <subfield code="a">DLC</subfield>
    <subfield code="b">eng</subfield>
    <subfield code="c">DLC</subfield>
    <subfield code="e">rda</subfield>
    <subfield code="d">DLC</subfield>
  </datafield>
  <datafield tag="050" ind1="0" ind2="0">
    <subfield code="a">BF637.S4</subfield>
    <subfield code="b">G56 2016</subfield>
  </datafield>
  <datafield tag="082" ind1="0" ind2="0">
    <subfield code="a">158.1</subfield>
    <subfield code="2">23</subfield>
  </datafield>
  <datafield tag="084" ind1=" " ind2=" ">
    <subfield code="a">SEL000000</subfield>
    <subfield code="a">SEL027000</subfield>
    <subfield code="2">bisacsh</subfield>
  </datafield>
  <datafield tag="100" ind1="1" ind2=" ">
    <subfield code="a">Glossinger, J. B.</subfield>
  </datafield>
  <datafield tag="245" ind1="1" ind2="4">
    <subfield code="a">The sacred 6 :</subfield>
    <subfield code="b">the simple step-by-step process for focusing your attention &amp; recovering your dreams /</subfield>
    <subfield code="c">JB Glossinger.</subfield>
  </datafield>
  <datafield tag="246" ind1="3" ind2=" ">
    <subfield code="a">The sacred six</subfield>
  </datafield>
  <datafield tag="250" ind1=" " ind2=" ">
    <subfield code="a">1st Edition.</subfield>
  </datafield>
  <datafield tag="264" ind1=" " ind2="1">
    <subfield code="a">Carlsbad, California :</subfield>
    <subfield code="b">Hay House, Inc.,</subfield>
    <subfield code="c">[2016]</subfield>
  </datafield>
  <datafield tag="300" ind1=" " ind2=" ">
    <subfield code="a">xii, 187 pages ;</subfield>
    <subfield code="c">23 cm</subfield>
  </datafield>
  <datafield tag="336" ind1=" " ind2=" ">
    <subfield code="a">text</subfield>
    <subfield code="2">rdacontent</subfield>
  </datafield>
  <datafield tag="337" ind1=" " ind2=" ">
    <subfield code="a">unmediated</subfield>
    <subfield code="2">rdamedia</subfield>
  </datafield>
  <datafield tag="338" ind1=" " ind2=" ">
    <subfield code="a">volume</subfield>
    <subfield code="2">rdacarrier</subfield>
  </datafield>
  <datafield tag="520" ind1=" " ind2=" ">
    <subfield code="a">&quot;Ever wished you could break free of the rat race and pursue what really matters to you? JB Glossinger did just that, exchanging the golden handcuffs of corporate success for a three-hour workday and the freedom to golf, write, spend time with family, and guide others toward realizing their dreams. Now in The Sacred Six: A Simple, Step-by-Step Process for Focusing Your Attention and Recovering Your Dreams, JB offers readers the same simple but powerful tools he used to transform his own life. Grounded in years of coaching groups and individuals, the Sacred Six process leads readers through identifying their mission, values, and goals, then designing an action plan with daily tasks to move them steadily toward their cherished dreams. Practical exercises organized around core Sacred Six principles like focus, clarity, consistency, and prioritization provide support for developing &quot;keystone&quot; positive habits, eliminating blocks to success, and making life-changing decisions from the perspective of the Observer--the true self--rather than the ego.  Not just another self-help program, &quot;The Sacred Six process is about more than getting things done,&quot; JB emphasizes. &quot;It&apos;s about your life story--your journey and your purpose.&quot; He calls it sacred because it&apos;s a path to full expression of one&apos;s values. He identifies six as the &quot;magic number&quot; for managing projects, daily tasks, and one&apos;s time.  An insightful and entertaining raconteur, JB weaves his personal tale of trials and triumph into his time-tested steps for creating a joyful and fulfilling life. Readers will find the same kind of upbeat, useful advice that draws 15,000 listeners in more than 100 countries to JB&apos;s daily 15-minute MorningCoach.com podcast, rated among the top 20 podcasts in the world&quot;--</subfield>
    <subfield code="c">Provided by publisher.</subfield>
  </datafield>
  <datafield tag="650" ind1=" " ind2="0">
    <subfield code="a">Self-actualization (Psychology)</subfield>
  </datafield>
  <datafield tag="650" ind1=" " ind2="0">
    <subfield code="a">Success.</subfield>
  </datafield>
  <datafield tag="650" ind1=" " ind2="0">
    <subfield code="a">Positive psychology.</subfield>
  </datafield>
  <datafield tag="650" ind1=" " ind2="7">
    <subfield code="a">SELF-HELP / General.</subfield>
    <subfield code="2">bisacsh</subfield>
  </datafield>
  <datafield tag="650" ind1=" " ind2="7">
    <subfield code="a">SELF-HELP / Personal Growth / Success.</subfield>
    <subfield code="2">bisacsh</subfield>
  </datafield>
</record>