
<record>
  <leader>02533cas a2200517 i 4500</leader>
  <controlfield tag="001">18835345</controlfield>
  <controlfield tag="005">20200103120938.0</controlfield>
  <controlfield tag="008">150309c20uu9999nr ar        f0    0eng c</controlfield>
  <datafield tag="906" ind1=" " ind2=" ">
    <subfield code="a">7</subfield>
    <subfield code="b">cbc</subfield>
    <subfield code="c">serials</subfield>
    <subfield code="d">2</subfield>
    <subfield code="e">ncip</subfield>
    <subfield code="f">20</subfield>
    <subfield code="g">n-oclcserc</subfield>
  </datafield>
  <datafield tag="925" ind1="0" ind2=" ">
    <subfield code="a">acquire</subfield>
    <subfield code="b">1 shelf copy</subfield>
    <subfield code="x">adb 2015-10-28</subfield>
  </datafield>
  <datafield tag="955" ind1=" " ind2=" ">
    <subfield code="b">bc06 2015-10-28 to ALAWE/A</subfield>
    <subfield code="i">bc10 2015-11-30</subfield>
    <subfield code="g">bc06 2016-07-02 to BCCD (OT)</subfield>
    <subfield code="g">bc06 2016-08-01 to BCCD (OT)</subfield>
    <subfield code="i">bc10 2019-12-18</subfield>
    <subfield code="g">bc06 2020-01-03 (telework) to BCCD</subfield>
  </datafield>
  <datafield tag="010" ind1=" " ind2=" ">
    <subfield code="a">  2015223088</subfield>
  </datafield>
  <datafield tag="035" ind1=" " ind2=" ">
    <subfield code="a">(OCoLC)ocn904560434</subfield>
  </datafield>
  <datafield tag="040" ind1=" " ind2=" ">
    <subfield code="a">STF</subfield>
    <subfield code="b">eng</subfield>
    <subfield code="e">rda</subfield>
    <subfield code="c">STF</subfield>
    <subfield code="d">CLU</subfield>
    <subfield code="d">DLC</subfield>
    <subfield code="d">OCL</subfield>
    <subfield code="d">OCLCA</subfield>
    <subfield code="d">DLC</subfield>
  </datafield>
  <datafield tag="042" ind1=" " ind2=" ">
    <subfield code="a">pcc</subfield>
  </datafield>
  <datafield tag="043" ind1=" " ind2=" ">
    <subfield code="a">f-nr---</subfield>
  </datafield>
  <datafield tag="050" ind1="0" ind2="0">
    <subfield code="a">HJ86.2</subfield>
    <subfield code="b">.A2526</subfield>
  </datafield>
  <datafield tag="245" ind1="0" ind2="0">
    <subfield code="a">Mapping of capital projects in the ... budget.</subfield>
    <subfield code="p">North west zone.</subfield>
  </datafield>
  <datafield tag="246" ind1="1" ind2=" ">
    <subfield code="i">Issues for 2013- have title:</subfield>
    <subfield code="a">Mapping of capital projects in the ... FGN budget for north west geo-political zone</subfield>
  </datafield>
  <datafield tag="246" ind1="1" ind2=" ">
    <subfield code="i">Issues for &lt;2016-&gt; have title:</subfield>
    <subfield code="a">Mapping of capital projects in the ... FGN budget.</subfield>
    <subfield code="p">North west zone</subfield>
  </datafield>
  <datafield tag="246" ind1="1" ind2=" ">
    <subfield code="a">Mapping of capital projects in the ... FGN budget.</subfield>
    <subfield code="p">North west geo-political zone</subfield>
  </datafield>
  <datafield tag="246" ind1="1" ind2=" ">
    <subfield code="a">Mapping of capital projects in the ... Federal Government of Nigeria budget for north west geo-political zone</subfield>
  </datafield>
  <datafield tag="246" ind1="1" ind2=" ">
    <subfield code="a">North west zone</subfield>
  </datafield>
  <datafield tag="264" ind1=" " ind2="1">
    <subfield code="a">Abuja :</subfield>
    <subfield code="b">National Assembly Budget and Research Office (NABRO)</subfield>
  </datafield>
  <datafield tag="300" ind1=" " ind2=" ">
    <subfield code="a">volumes :</subfield>
    <subfield code="b">color illustrations, maps (some color) ;</subfield>
    <subfield code="c">22-29 cm</subfield>
  </datafield>
  <datafield tag="310" ind1=" " ind2=" ">
    <subfield code="a">Annual</subfield>
  </datafield>
  <datafield tag="336" ind1=" " ind2=" ">
    <subfield code="a">text</subfield>
    <subfield code="b">txt</subfield>
    <subfield code="2">rdacontent</subfield>
  </datafield>
  <datafield tag="337" ind1=" " ind2=" ">
    <subfield code="a">unmediated</subfield>
    <subfield code="b">n</subfield>
    <subfield code="2">rdamedia</subfield>
  </datafield>
  <datafield tag="338" ind1=" " ind2=" ">
    <subfield code="a">volume</subfield>
    <subfield code="b">nc</subfield>
    <subfield code="2">rdacarrier</subfield>
  </datafield>
  <datafield tag="515" ind1=" " ind2=" ">
    <subfield code="a">2012 issued in two volumes.</subfield>
  </datafield>
  <datafield tag="588" ind1=" " ind2=" ">
    <subfield code="a">Description based on: 2012; title from title page of volume I.</subfield>
  </datafield>
  <datafield tag="588" ind1=" " ind2=" ">
    <subfield code="a">Latest issue consulted: 2016.</subfield>
  </datafield>
  <datafield tag="650" ind1=" " ind2="0">
    <subfield code="a">Capital budget</subfield>
    <subfield code="z">Nigeria</subfield>
    <subfield code="v">Periodicals.</subfield>
  </datafield>
  <datafield tag="650" ind1=" " ind2="0">
    <subfield code="a">Government spending policy</subfield>
    <subfield code="z">Nigeria</subfield>
    <subfield code="v">Periodicals.</subfield>
  </datafield>
  <datafield tag="650" ind1=" " ind2="0">
    <subfield code="a">Finance, Public</subfield>
    <subfield code="z">Nigeria</subfield>
    <subfield code="v">Periodicals.</subfield>
  </datafield>
  <datafield tag="651" ind1=" " ind2="0">
    <subfield code="a">Nigeria</subfield>
    <subfield code="x">Appropriations and expenditures</subfield>
    <subfield code="v">Periodicals.</subfield>
  </datafield>
  <datafield tag="650" ind1=" " ind2="7">
    <subfield code="a">Capital budget.</subfield>
    <subfield code="2">fast</subfield>
    <subfield code="0">(OCoLC)fst00846290</subfield>
  </datafield>
  <datafield tag="650" ind1=" " ind2="7">
    <subfield code="a">Expenditures, Public.</subfield>
    <subfield code="2">fast</subfield>
    <subfield code="0">(OCoLC)fst00918345</subfield>
  </datafield>
  <datafield tag="650" ind1=" " ind2="7">
    <subfield code="a">Finance, Public.</subfield>
    <subfield code="2">fast</subfield>
    <subfield code="0">(OCoLC)fst00924477</subfield>
  </datafield>
  <datafield tag="650" ind1=" " ind2="7">
    <subfield code="a">Government spending policy.</subfield>
    <subfield code="2">fast</subfield>
    <subfield code="0">(OCoLC)fst00945615</subfield>
  </datafield>
  <datafield tag="651" ind1=" " ind2="7">
    <subfield code="a">Nigeria.</subfield>
    <subfield code="2">fast</subfield>
    <subfield code="0">(OCoLC)fst01205229</subfield>
  </datafield>
  <datafield tag="655" ind1=" " ind2="7">
    <subfield code="a">Periodicals.</subfield>
    <subfield code="2">fast</subfield>
    <subfield code="0">(OCoLC)fst01411641</subfield>
  </datafield>
  <datafield tag="710" ind1="1" ind2=" ">
    <subfield code="a">Nigeria.</subfield>
    <subfield code="b">National Assembly.</subfield>
    <subfield code="b">Budget &amp; Research Office,</subfield>
    <subfield code="e">issuing body.</subfield>
  </datafield>
  <datafield tag="776" ind1="0" ind2="8">
    <subfield code="i">Online version:</subfield>
    <subfield code="t">Mapping of capital projects in the ... budget. North west zone</subfield>
    <subfield code="w">(OCoLC)1008996168</subfield>
  </datafield>
  <datafield tag="850" ind1=" " ind2=" ">
    <subfield code="a">DLC</subfield>
  </datafield>
  <datafield tag="923" ind1=" " ind2=" ">
    <subfield code="a">Purchase</subfield>
    <subfield code="s">Hogarth (93001367)</subfield>
  </datafield>
</record>