
<record>
  <leader>02324cam a22003257i 4500</leader>
  <controlfield tag="001">18837054</controlfield>
  <controlfield tag="005">20200103150527.0</controlfield>
  <controlfield tag="008">151029s2016    nyu           000 0 eng  </controlfield>
  <datafield tag="906" ind1=" " ind2=" ">
    <subfield code="a">7</subfield>
    <subfield code="b">cbc</subfield>
    <subfield code="c">orignew</subfield>
    <subfield code="d">1</subfield>
    <subfield code="e">ecip</subfield>
    <subfield code="f">20</subfield>
    <subfield code="g">y-gencatlg</subfield>
  </datafield>
  <datafield tag="925" ind1="0" ind2=" ">
    <subfield code="a">acquire</subfield>
    <subfield code="b">1 shelf copy</subfield>
    <subfield code="x">policy default</subfield>
  </datafield>
  <datafield tag="955" ind1=" " ind2=" ">
    <subfield code="b">rk11 2015-10-29</subfield>
    <subfield code="i">rk11 2015-10-29 ONIX to Dewey</subfield>
    <subfield code="w">xl06 2015-11-03</subfield>
    <subfield code="a">xn11 2016-04-20 1 copy rec&apos;d., to CIP ver.</subfield>
    <subfield code="f">rk07 2016-04-25 to BCCD</subfield>
  </datafield>
  <datafield tag="010" ind1=" " ind2=" ">
    <subfield code="a">  2015042580</subfield>
  </datafield>
  <datafield tag="020" ind1=" " ind2=" ">
    <subfield code="a">9781784783235 (hardback)</subfield>
  </datafield>
  <datafield tag="020" ind1=" " ind2=" ">
    <subfield code="a">9781784783242 (paperback)</subfield>
  </datafield>
  <datafield tag="040" ind1=" " ind2=" ">
    <subfield code="a">DLC</subfield>
    <subfield code="b">eng</subfield>
    <subfield code="c">DLC</subfield>
    <subfield code="e">rda</subfield>
    <subfield code="d">DLC</subfield>
  </datafield>
  <datafield tag="050" ind1="0" ind2="0">
    <subfield code="a">N7445.2</subfield>
    <subfield code="b">.S385 2016</subfield>
  </datafield>
  <datafield tag="082" ind1="0" ind2="0">
    <subfield code="a">700</subfield>
    <subfield code="2">23</subfield>
  </datafield>
  <datafield tag="084" ind1=" " ind2=" ">
    <subfield code="a">PHI019000</subfield>
    <subfield code="2">bisacsh</subfield>
  </datafield>
  <datafield tag="100" ind1="1" ind2=" ">
    <subfield code="a">Schwabsky, Barry,</subfield>
    <subfield code="e">author.</subfield>
  </datafield>
  <datafield tag="240" ind1="1" ind2="0">
    <subfield code="a">Essays.</subfield>
    <subfield code="k">Selections</subfield>
  </datafield>
  <datafield tag="245" ind1="1" ind2="4">
    <subfield code="a">The perpetual guest :</subfield>
    <subfield code="b">art in the unfinished present /</subfield>
    <subfield code="c">Barry Schwabsky.</subfield>
  </datafield>
  <datafield tag="264" ind1=" " ind2="1">
    <subfield code="a">New York :</subfield>
    <subfield code="b">Verso,</subfield>
    <subfield code="c">2016.</subfield>
  </datafield>
  <datafield tag="300" ind1=" " ind2=" ">
    <subfield code="a">285 pages :</subfield>
    <subfield code="c">23 cm</subfield>
  </datafield>
  <datafield tag="336" ind1=" " ind2=" ">
    <subfield code="a">text</subfield>
    <subfield code="2">rdacontent</subfield>
  </datafield>
  <datafield tag="337" ind1=" " ind2=" ">
    <subfield code="a">unmediated</subfield>
    <subfield code="2">rdamedia</subfield>
  </datafield>
  <datafield tag="338" ind1=" " ind2=" ">
    <subfield code="a">volume</subfield>
    <subfield code="2">rdacarrier</subfield>
  </datafield>
  <datafield tag="520" ind1=" " ind2=" ">
    <subfield code="a">&quot;The idea of contemporary art sometimes allows us to pretend we have made a clean break with the past. In The Perpetual Guest, poet and critic Barry Schwabsky demonstrates that any robust understanding of art&apos;s present must also account for the ongoing life and changing fortunes of its past. In surveying the art world of this past decade, Schwabsky attends not only to its most significant newer faces--among them, Kara Walker, Thomas Hirschhorn, Ai Weiwei, Chris Ofili, and Lorna Simpson--but their forebears, both recent (Jeff Wall, Nancy Spero, Dan Graham, Cindy Sherman) and more distant (Velázquez, Manet, Matisse, and the portraitists of the Renaissance). &quot;The art critic,&quot; Schwabsky writes, &quot;formalizes and deliberately exemplifes the role of the spectator who realizes the artist&apos;s work, not by leaving it just as it is, but by adding something to it, making a personal contribution.&quot; Despite the hysterical pronouncements of criticism&apos;s demise, Schwabsky&apos;s rich and subtle considerations of art&apos;s complexly intertwined traditions are an indispensable contribution to understanding our present moment&quot;--</subfield>
    <subfield code="c">Provided by publisher.</subfield>
  </datafield>
  <datafield tag="500" ind1=" " ind2=" ">
    <subfield code="a">&quot;The essays collected here originally appeared in the pages of the Nation between 2006 and 2014.&quot;</subfield>
  </datafield>
  <datafield tag="650" ind1=" " ind2="0">
    <subfield code="a">Art.</subfield>
  </datafield>
  <datafield tag="730" ind1="0" ind2=" ">
    <subfield code="a">Nation (New York, N.Y. : 1865)</subfield>
  </datafield>
</record>