
<record>
  <leader>02275cam a22003377i 4500</leader>
  <controlfield tag="001">18838967</controlfield>
  <controlfield tag="005">20200103120818.0</controlfield>
  <controlfield tag="008">151023s2015    be a          000 0 dut  </controlfield>
  <datafield tag="906" ind1=" " ind2=" ">
    <subfield code="a">7</subfield>
    <subfield code="b">cbc</subfield>
    <subfield code="c">origres</subfield>
    <subfield code="d">3</subfield>
    <subfield code="e">ncip</subfield>
    <subfield code="f">20</subfield>
    <subfield code="g">y-gencatlg</subfield>
  </datafield>
  <datafield tag="925" ind1="0" ind2=" ">
    <subfield code="a">acquire</subfield>
    <subfield code="b">1 shelf copy</subfield>
    <subfield code="x">policy default</subfield>
  </datafield>
  <datafield tag="955" ind1=" " ind2=" ">
    <subfield code="b">bc12 2018-04-23 z-processor (telework)</subfield>
    <subfield code="i">bc12 2018-05-07 (telework)</subfield>
    <subfield code="e">bc12 2018-05-08 to BCCD (ABAchecked &amp; Labeled)</subfield>
  </datafield>
  <datafield tag="955" ind1=" " ind2=" ">
    <subfield code="b">bd19 2016-02-09</subfield>
  </datafield>
  <datafield tag="010" ind1=" " ind2=" ">
    <subfield code="a">  2015526012</subfield>
  </datafield>
  <datafield tag="020" ind1=" " ind2=" ">
    <subfield code="a">9789059086791</subfield>
  </datafield>
  <datafield tag="020" ind1=" " ind2=" ">
    <subfield code="a">9059086791</subfield>
  </datafield>
  <datafield tag="040" ind1=" " ind2=" ">
    <subfield code="a">DLC</subfield>
    <subfield code="b">eng</subfield>
    <subfield code="e">rda</subfield>
    <subfield code="c">DLC</subfield>
  </datafield>
  <datafield tag="050" ind1="0" ind2="0">
    <subfield code="a">PT5555.D5</subfield>
    <subfield code="b">F53 2015</subfield>
  </datafield>
  <datafield tag="245" ind1="0" ind2="0">
    <subfield code="a">Floris ende Blancefloer van Diederic van Assenede :</subfield>
    <subfield code="b">liefde in het graafschap Vlaanderen van de dertiende eeuw /</subfield>
    <subfield code="c">Jozef Janssens e.a.</subfield>
  </datafield>
  <datafield tag="246" ind1="3" ind2=" ">
    <subfield code="a">Floris ende Blancefloer van Diederic van Assenede :</subfield>
    <subfield code="b">liefde in het graafschap Vlaanderen van de 13e eeuw</subfield>
  </datafield>
  <datafield tag="264" ind1=" " ind2="1">
    <subfield code="a">Leuven :</subfield>
    <subfield code="b">Davidsfonds Uitgeverij,</subfield>
    <subfield code="c">[2015]</subfield>
  </datafield>
  <datafield tag="300" ind1=" " ind2=" ">
    <subfield code="a">256 pages :</subfield>
    <subfield code="b">illustrations ;</subfield>
    <subfield code="c">31 cm</subfield>
  </datafield>
  <datafield tag="336" ind1=" " ind2=" ">
    <subfield code="a">text</subfield>
    <subfield code="b">txt</subfield>
    <subfield code="2">rdacontent</subfield>
  </datafield>
  <datafield tag="336" ind1=" " ind2=" ">
    <subfield code="a">still image</subfield>
    <subfield code="b">sti</subfield>
    <subfield code="2">rdacontent</subfield>
  </datafield>
  <datafield tag="337" ind1=" " ind2=" ">
    <subfield code="a">unmediated</subfield>
    <subfield code="b">n</subfield>
    <subfield code="2">rdamedia</subfield>
  </datafield>
  <datafield tag="338" ind1=" " ind2=" ">
    <subfield code="a">volume</subfield>
    <subfield code="b">nc</subfield>
    <subfield code="2">rdacarrier</subfield>
  </datafield>
  <datafield tag="504" ind1=" " ind2=" ">
    <subfield code="a">Includes bibliographical references and index.</subfield>
  </datafield>
  <datafield tag="520" ind1="8" ind2=" ">
    <subfield code="a">&quot; Floris ende Blancefloer&apos; van Diederic van Assenede is wellicht een van de mooiste en ontroerendste liefdesverhalen uit de middeleeuwen. Blancefloer, een christelijk meisje dat opgroeit aan het hof van een islamitische koning in Spanje, wordt verliefd op koningszoon Floris. De liefde is wederzijds, maar Floris&apos; ouders bedenken een list om het koppeltje te dwarsbomen. Jozef Janssens, dé specialist middeleeuwse letterkunde, plaatst het prachtige liefdesverhaal van Floris en Blancefloer in een breder historisch kader: de opkomst van de volkstalige letterkunde, de verschillende liefdesconcepten in liederen en romans, de invloed van de kruistochten, de kennis van de Oriënt in de middeleeuwen, de taalsituatie in Vlaanderen, de rol van clerici en mecenassen in de hoofse cultuur en de betekenis van handschriften.&quot;--Back cover.</subfield>
  </datafield>
  <datafield tag="600" ind1="0" ind2="0">
    <subfield code="a">Diederic van Assenede,</subfield>
    <subfield code="d">active 13th century.</subfield>
    <subfield code="t">Floris ende Blancefloer.</subfield>
  </datafield>
  <datafield tag="700" ind1="1" ind2=" ">
    <subfield code="a">Janssens, Jozef,</subfield>
    <subfield code="d">1944-</subfield>
    <subfield code="e">author.</subfield>
    <subfield code="t">Floris ende Blancefloer : verhaal en context.</subfield>
  </datafield>
  <datafield tag="923" ind1=" " ind2=" ">
    <subfield code="d">20151023</subfield>
    <subfield code="n">50030174</subfield>
    <subfield code="s">V00009436</subfield>
  </datafield>
  <datafield tag="985" ind1=" " ind2=" ">
    <subfield code="e">VENDOR LOAD</subfield>
  </datafield>
</record>