
<record>
  <leader>02716cam a22004217i 4500</leader>
  <controlfield tag="001">18839005</controlfield>
  <controlfield tag="005">20200103120818.0</controlfield>
  <controlfield tag="008">151010s2015    be a     bc   001 0 dut c</controlfield>
  <datafield tag="906" ind1=" " ind2=" ">
    <subfield code="a">7</subfield>
    <subfield code="b">cbc</subfield>
    <subfield code="c">pccadap</subfield>
    <subfield code="d">3</subfield>
    <subfield code="e">ncip</subfield>
    <subfield code="f">20</subfield>
    <subfield code="g">y-gencatlg</subfield>
  </datafield>
  <datafield tag="925" ind1="0" ind2=" ">
    <subfield code="a">acquire</subfield>
    <subfield code="b">1 shelf copy</subfield>
    <subfield code="x">policy default</subfield>
  </datafield>
  <datafield tag="955" ind1=" " ind2=" ">
    <subfield code="b">bd19 2016-02-09</subfield>
    <subfield code="b">bc12 2018-04-25 z-processor (telework)</subfield>
    <subfield code="i">bc12 2018-05-23 (telework)</subfield>
    <subfield code="e">bc12 2018-06-12 to BCCD (ABAchecked &amp; Labeled)</subfield>
  </datafield>
  <datafield tag="010" ind1=" " ind2=" ">
    <subfield code="a">  2015529413</subfield>
  </datafield>
  <datafield tag="020" ind1=" " ind2=" ">
    <subfield code="a">9789461612656</subfield>
  </datafield>
  <datafield tag="020" ind1=" " ind2=" ">
    <subfield code="a">9461612656</subfield>
  </datafield>
  <datafield tag="024" ind1="3" ind2=" ">
    <subfield code="a">9789461612656</subfield>
  </datafield>
  <datafield tag="035" ind1=" " ind2=" ">
    <subfield code="a">(OCoLC)ocn922682381</subfield>
  </datafield>
  <datafield tag="040" ind1=" " ind2=" ">
    <subfield code="a">ERASA</subfield>
    <subfield code="b">eng</subfield>
    <subfield code="c">ERASA</subfield>
    <subfield code="e">rda</subfield>
    <subfield code="d">INU</subfield>
    <subfield code="d">OCLCO</subfield>
    <subfield code="d">DEBSZ</subfield>
    <subfield code="d">OCLCF</subfield>
    <subfield code="d">OCLCO</subfield>
    <subfield code="d">PUL</subfield>
    <subfield code="d">OCL</subfield>
    <subfield code="d">DLC</subfield>
  </datafield>
  <datafield tag="050" ind1="0" ind2="0">
    <subfield code="a">ND646</subfield>
    <subfield code="b">.M39 2015</subfield>
  </datafield>
  <datafield tag="100" ind1="1" ind2=" ">
    <subfield code="a">Meyere, J. A. L. de</subfield>
    <subfield code="q">(Jos A. L.),</subfield>
    <subfield code="e">author.</subfield>
  </datafield>
  <datafield tag="245" ind1="1" ind2="4">
    <subfield code="a">Een curieuze collectie :</subfield>
    <subfield code="b">Hollandse schilderkunst uit de zeventiende eeuw /</subfield>
    <subfield code="c">Jos De Meyere.</subfield>
  </datafield>
  <datafield tag="264" ind1=" " ind2="1">
    <subfield code="a">Gent :</subfield>
    <subfield code="b">MSK Gent :</subfield>
    <subfield code="b">Uitgeverij Snoeck,</subfield>
    <subfield code="c">[2015].</subfield>
  </datafield>
  <datafield tag="300" ind1=" " ind2=" ">
    <subfield code="a">294 pages :</subfield>
    <subfield code="b">illustrations (some color) ;</subfield>
    <subfield code="c">28 cm.</subfield>
  </datafield>
  <datafield tag="336" ind1=" " ind2=" ">
    <subfield code="a">text</subfield>
    <subfield code="b">txt</subfield>
    <subfield code="2">rdacontent</subfield>
  </datafield>
  <datafield tag="336" ind1=" " ind2=" ">
    <subfield code="a">still image</subfield>
    <subfield code="b">sti</subfield>
    <subfield code="2">rdacontent</subfield>
  </datafield>
  <datafield tag="337" ind1=" " ind2=" ">
    <subfield code="a">unmediated</subfield>
    <subfield code="b">n</subfield>
    <subfield code="2">rdamedia</subfield>
  </datafield>
  <datafield tag="338" ind1=" " ind2=" ">
    <subfield code="a">volume</subfield>
    <subfield code="b">nc</subfield>
    <subfield code="2">rdacarrier</subfield>
  </datafield>
  <datafield tag="490" ind1="1" ind2=" ">
    <subfield code="a">Inventaris Hollandse schilderkunst uit de zeventiende eeuw / MSK Gent ;</subfield>
    <subfield code="v">1</subfield>
  </datafield>
  <datafield tag="500" ind1=" " ind2=" ">
    <subfield code="a">Published in conjunction with the exhibition The Golden Age Revisited, held October 10, 2015-February 28, 2016 at the Museum voor Schone Kunsten, Gent.</subfield>
  </datafield>
  <datafield tag="504" ind1=" " ind2=" ">
    <subfield code="a">Includes bibliographical references (pages 278-288) and index.</subfield>
  </datafield>
  <datafield tag="505" ind1="0" ind2=" ">
    <subfield code="a">Historische schets van Holland in De Gouden Eeuw -- Hollandsche schilderkunst in De Gouden Eeuw -- Hoofdwerken uit de collectie Hollandsche schilderkunst -- Biografieën -- Catalogus van de Hollandse schilderijen in het MSK.</subfield>
  </datafield>
  <datafield tag="520" ind1="8" ind2=" ">
    <subfield code="a">Het MSK herbergt ruim 60 Hollandse schilderijen uit de 17de eeuw, een periode die onze Noorderburen kennen als &apos;De Gouden Eeuw&apos;. Maar hoe is deze rijke collectie precies ontstaan en opgebouwd? Wat is de relatie tussen noord en zuid? En is alles wel wat het lijkt? De tentoonstelling en begeleidende publicatie zoeken naar een antwoord op deze vragen en zetten de unieke, soms curieuze collectie volop in de kijker. Exhibition: Museum voor Schone Kunsten Gent, Belgium (10.10.2015-28.02.2016).</subfield>
  </datafield>
  <datafield tag="650" ind1=" " ind2="0">
    <subfield code="a">Painting, Dutch</subfield>
    <subfield code="y">17th century</subfield>
    <subfield code="v">Exhibitions.</subfield>
  </datafield>
  <datafield tag="610" ind1="2" ind2="0">
    <subfield code="a">Museum voor Schone Kunsten (Ghent, Belgium)</subfield>
    <subfield code="v">Exhibitions.</subfield>
  </datafield>
  <datafield tag="710" ind1="2" ind2=" ">
    <subfield code="a">Museum voor Schone Kunsten (Ghent, Belgium),</subfield>
    <subfield code="e">issuing body.</subfield>
  </datafield>
  <datafield tag="830" ind1=" " ind2="0">
    <subfield code="a">Inventaris Hollandse schilderkunst uit de zeventiende eeuw (Museum voor Schone Kunsten (Ghent, Belgium)) ;</subfield>
    <subfield code="v">1.</subfield>
  </datafield>
  <datafield tag="856" ind1="4" ind2=" ">
    <subfield code="3">Inhaltsverzeichnis</subfield>
    <subfield code="u">http://swbplus.bsz-bw.de/bsz451615352inh.htm</subfield>
    <subfield code="v">20151120143320</subfield>
  </datafield>
  <datafield tag="923" ind1=" " ind2=" ">
    <subfield code="d">20151023</subfield>
    <subfield code="n">50030189</subfield>
    <subfield code="s">V00009436</subfield>
  </datafield>
  <datafield tag="985" ind1=" " ind2=" ">
    <subfield code="e">VENDOR LOAD</subfield>
  </datafield>
</record>