
<record>
  <leader>01221cam a22002897a 4500</leader>
  <controlfield tag="001">18840691</controlfield>
  <controlfield tag="005">20200103120819.0</controlfield>
  <controlfield tag="008">151102s2015    sz abe   b    001 0 ger  </controlfield>
  <datafield tag="906" ind1=" " ind2=" ">
    <subfield code="a">7</subfield>
    <subfield code="b">cbc</subfield>
    <subfield code="c">origres</subfield>
    <subfield code="d">2</subfield>
    <subfield code="e">ncip</subfield>
    <subfield code="f">20</subfield>
    <subfield code="g">y-gencatlg</subfield>
  </datafield>
  <datafield tag="925" ind1="0" ind2=" ">
    <subfield code="a">acquire</subfield>
    <subfield code="b">1 shelf copy</subfield>
    <subfield code="x">policy default</subfield>
  </datafield>
  <datafield tag="955" ind1=" " ind2=" ">
    <subfield code="b">rk11 2015-11-02 z-processor</subfield>
    <subfield code="i">rk11 2015-11-03 to CALM</subfield>
  </datafield>
  <datafield tag="010" ind1=" " ind2=" ">
    <subfield code="a">  2015487470</subfield>
  </datafield>
  <datafield tag="020" ind1=" " ind2=" ">
    <subfield code="a">9783035603804</subfield>
    <subfield code="q">(hd. bd.)</subfield>
  </datafield>
  <datafield tag="020" ind1=" " ind2=" ">
    <subfield code="a">3035603804</subfield>
    <subfield code="q">(hd. bd.)</subfield>
  </datafield>
  <datafield tag="020" ind1=" " ind2=" ">
    <subfield code="z">9783035603859</subfield>
    <subfield code="q">(eBook ;</subfield>
    <subfield code="q">online)</subfield>
  </datafield>
  <datafield tag="040" ind1=" " ind2=" ">
    <subfield code="a">DLC</subfield>
    <subfield code="c">DLC</subfield>
    <subfield code="d">DLC</subfield>
  </datafield>
  <datafield tag="043" ind1=" " ind2=" ">
    <subfield code="a">e-au---</subfield>
  </datafield>
  <datafield tag="050" ind1="0" ind2="0">
    <subfield code="a">NA9196.V5</subfield>
    <subfield code="b">S78 2015</subfield>
  </datafield>
  <datafield tag="100" ind1="1" ind2=" ">
    <subfield code="a">Stühlinger, Harald R.,</subfield>
    <subfield code="d">1970-</subfield>
  </datafield>
  <datafield tag="245" ind1="1" ind2="4">
    <subfield code="a">Der Wettbewerb zur Wiener Ringstrasse :</subfield>
    <subfield code="b">Entstehung, Projekte, Auswirkungen /</subfield>
    <subfield code="c">Harald R. Stühlinger.</subfield>
  </datafield>
  <datafield tag="260" ind1=" " ind2=" ">
    <subfield code="a">Basel :</subfield>
    <subfield code="b">Birkhäuser, ein Unternehmen der Walter de Gruyter GmbH, Berlin,</subfield>
    <subfield code="c">c2015.</subfield>
  </datafield>
  <datafield tag="300" ind1=" " ind2=" ">
    <subfield code="a">395 p. :</subfield>
    <subfield code="b">col. ill., maps, plans ;</subfield>
    <subfield code="c">29 cm.</subfield>
  </datafield>
  <datafield tag="504" ind1=" " ind2=" ">
    <subfield code="a">Includes bibliographical references (p. 383-392) and index.</subfield>
  </datafield>
  <datafield tag="650" ind1=" " ind2="0">
    <subfield code="a">City planning</subfield>
    <subfield code="z">Austria</subfield>
    <subfield code="z">Vienna</subfield>
    <subfield code="x">History</subfield>
    <subfield code="y">19th century.</subfield>
  </datafield>
  <datafield tag="650" ind1=" " ind2="0">
    <subfield code="a">City planning</subfield>
    <subfield code="x">Competitions</subfield>
    <subfield code="z">Austria</subfield>
    <subfield code="z">Vienna</subfield>
    <subfield code="x">History</subfield>
    <subfield code="y">19th century.</subfield>
  </datafield>
  <datafield tag="651" ind1=" " ind2="0">
    <subfield code="a">Ringstrasse (Vienna, Austria)</subfield>
  </datafield>
  <datafield tag="651" ind1=" " ind2="0">
    <subfield code="a">Vienna (Austria)</subfield>
    <subfield code="x">Buildings, structures, etc.</subfield>
  </datafield>
</record>