
<record>
  <leader>02053cam a22003737i 4500</leader>
  <controlfield tag="001">18840962</controlfield>
  <controlfield tag="005">20200103150528.0</controlfield>
  <controlfield tag="008">151102s2016    miu      b    000 0 eng  </controlfield>
  <datafield tag="906" ind1=" " ind2=" ">
    <subfield code="a">7</subfield>
    <subfield code="b">cbc</subfield>
    <subfield code="c">orignew</subfield>
    <subfield code="d">1</subfield>
    <subfield code="e">ecip</subfield>
    <subfield code="f">20</subfield>
    <subfield code="g">y-gencatlg</subfield>
  </datafield>
  <datafield tag="925" ind1="0" ind2=" ">
    <subfield code="a">acquire</subfield>
    <subfield code="b">1 shelf copies</subfield>
    <subfield code="x">policy default</subfield>
  </datafield>
  <datafield tag="955" ind1=" " ind2=" ">
    <subfield code="b">rk10 2015-11-02</subfield>
    <subfield code="c">rk10 2015-11-02 (telework) to subject</subfield>
    <subfield code="d">rm15 2015-11-19 (telework)</subfield>
    <subfield code="a">rm15 2015-11-19 to Dewey</subfield>
    <subfield code="w">xl03 2015-11-19</subfield>
    <subfield code="a">xn12 2016-03-01 1 copy rec&apos;d., to CIP ver.</subfield>
    <subfield code="f">rm06 2016-03-14 to CALM;</subfield>
    <subfield code="a">HAND CARRY -- NEEDED FOR CONGRESSIONAL LOAN; PLS CONTACT myar, x77835 / scar, x7717   2016-04-08</subfield>
    <subfield code="t">rk11 2016-09-29</subfield>
  </datafield>
  <datafield tag="010" ind1=" " ind2=" ">
    <subfield code="a">  2015042309</subfield>
  </datafield>
  <datafield tag="020" ind1=" " ind2=" ">
    <subfield code="a">9780801018824 (cloth)</subfield>
  </datafield>
  <datafield tag="020" ind1=" " ind2=" ">
    <subfield code="a">9780801018848 (international trade paper edition)</subfield>
  </datafield>
  <datafield tag="040" ind1=" " ind2=" ">
    <subfield code="a">DLC</subfield>
    <subfield code="b">eng</subfield>
    <subfield code="c">DLC</subfield>
    <subfield code="e">rda</subfield>
    <subfield code="d">DLC</subfield>
  </datafield>
  <datafield tag="050" ind1="0" ind2="0">
    <subfield code="a">HD4904.25</subfield>
    <subfield code="b">.H93 2016</subfield>
  </datafield>
  <datafield tag="082" ind1="0" ind2="0">
    <subfield code="a">650.1</subfield>
    <subfield code="2">23</subfield>
  </datafield>
  <datafield tag="100" ind1="1" ind2=" ">
    <subfield code="a">Hyatt, Michael S.,</subfield>
    <subfield code="e">author.</subfield>
  </datafield>
  <datafield tag="245" ind1="1" ind2="0">
    <subfield code="a">Living forward :</subfield>
    <subfield code="b">a proven plan to stop drifting and get the life you want /</subfield>
    <subfield code="c">Michael Hyatt and Daniel Harkavy.</subfield>
  </datafield>
  <datafield tag="264" ind1=" " ind2="1">
    <subfield code="a">Grand Rapids, Michigan :</subfield>
    <subfield code="b">Baker Books, a division of baker publishing group,</subfield>
    <subfield code="c">[2016]</subfield>
  </datafield>
  <datafield tag="300" ind1=" " ind2=" ">
    <subfield code="a">203 pages ;</subfield>
    <subfield code="c">23 cm</subfield>
  </datafield>
  <datafield tag="336" ind1=" " ind2=" ">
    <subfield code="a">text</subfield>
    <subfield code="b">txt</subfield>
    <subfield code="2">rdacontent</subfield>
  </datafield>
  <datafield tag="337" ind1=" " ind2=" ">
    <subfield code="a">unmediated</subfield>
    <subfield code="b">n</subfield>
    <subfield code="2">rdamedia</subfield>
  </datafield>
  <datafield tag="338" ind1=" " ind2=" ">
    <subfield code="a">volume</subfield>
    <subfield code="b">nc</subfield>
    <subfield code="2">rdacarrier</subfield>
  </datafield>
  <datafield tag="504" ind1=" " ind2=" ">
    <subfield code="a">Includes bibliographical references (pages 199-200).</subfield>
  </datafield>
  <datafield tag="505" ind1="0" ind2=" ">
    <subfield code="a">An app for your life -- Understand your need -- Acknowledge the drift -- Understand the mission -- Appreciate the benefits -- Create your plan -- Design your legacy -- Determine your priorities -- Chart the course -- Dedicate one day -- Make it happen -- Implement your plan -- Keep it alive -- Join the revolution -- The choice is yours.</subfield>
  </datafield>
  <datafield tag="650" ind1=" " ind2="0">
    <subfield code="a">Work-life balance.</subfield>
  </datafield>
  <datafield tag="650" ind1=" " ind2="0">
    <subfield code="a">Quality of life.</subfield>
  </datafield>
  <datafield tag="650" ind1=" " ind2="0">
    <subfield code="a">Quality of work life.</subfield>
  </datafield>
  <datafield tag="650" ind1=" " ind2="0">
    <subfield code="a">Career development.</subfield>
  </datafield>
  <datafield tag="650" ind1=" " ind2="0">
    <subfield code="a">Goal (Psychology)</subfield>
  </datafield>
  <datafield tag="650" ind1=" " ind2="0">
    <subfield code="a">Self-realization.</subfield>
  </datafield>
  <datafield tag="700" ind1="1" ind2=" ">
    <subfield code="a">Harkavy, Daniel,</subfield>
    <subfield code="e">author.</subfield>
  </datafield>
  <datafield tag="776" ind1="0" ind2="8">
    <subfield code="i">Online version:</subfield>
    <subfield code="a">Hyatt, Michael S., author.</subfield>
    <subfield code="t">Living forward</subfield>
    <subfield code="d">Grand Rapids, MI : Baker Books, 2016</subfield>
    <subfield code="z">9781493403257</subfield>
    <subfield code="w">(DLC) 2015045948</subfield>
  </datafield>
</record>