
<record>
  <leader>07071cam a22005657i 4500</leader>
  <controlfield tag="001">18844758</controlfield>
  <controlfield tag="005">20200103150528.0</controlfield>
  <controlfield tag="008">151028t20162016caua   f b    001 0 eng c</controlfield>
  <datafield tag="906" ind1=" " ind2=" ">
    <subfield code="a">7</subfield>
    <subfield code="b">cbc</subfield>
    <subfield code="c">pccadap</subfield>
    <subfield code="d">2</subfield>
    <subfield code="e">ncip</subfield>
    <subfield code="f">20</subfield>
    <subfield code="g">y-gencatlg</subfield>
  </datafield>
  <datafield tag="925" ind1="0" ind2=" ">
    <subfield code="a">acquire</subfield>
    <subfield code="b">1 shelf copy</subfield>
    <subfield code="x">policy default</subfield>
  </datafield>
  <datafield tag="955" ind1=" " ind2=" ">
    <subfield code="b">rm05 2019-06-05 z-processor</subfield>
    <subfield code="i">rm05 2019-06-28 to CALM</subfield>
  </datafield>
  <datafield tag="955" ind1=" " ind2=" ">
    <subfield code="b">rm04 2016-10-27 z-processor</subfield>
  </datafield>
  <datafield tag="955" ind1=" " ind2=" ">
    <subfield code="a">pc17 2015-10-28</subfield>
    <subfield code="a">xn01 2016-10-24 1 copy to USASH</subfield>
  </datafield>
  <datafield tag="010" ind1=" " ind2=" ">
    <subfield code="a">  2015956035</subfield>
  </datafield>
  <datafield tag="020" ind1=" " ind2=" ">
    <subfield code="a">9781446267080</subfield>
    <subfield code="q">(hbk.)</subfield>
  </datafield>
  <datafield tag="020" ind1=" " ind2=" ">
    <subfield code="a">1446267083</subfield>
    <subfield code="q">(hbk.)</subfield>
  </datafield>
  <datafield tag="020" ind1=" " ind2=" ">
    <subfield code="a">9781446267097</subfield>
    <subfield code="q">(pbk.)</subfield>
  </datafield>
  <datafield tag="020" ind1=" " ind2=" ">
    <subfield code="a">1446267091</subfield>
    <subfield code="q">(pbk.)</subfield>
  </datafield>
  <datafield tag="020" ind1=" " ind2=" ">
    <subfield code="z">9781473944268</subfield>
    <subfield code="q">(ePub ebook)</subfield>
  </datafield>
  <datafield tag="020" ind1=" " ind2=" ">
    <subfield code="z">9781473944275</subfield>
    <subfield code="q">(ebook)</subfield>
  </datafield>
  <datafield tag="020" ind1=" " ind2=" ">
    <subfield code="a">1473916577</subfield>
  </datafield>
  <datafield tag="020" ind1=" " ind2=" ">
    <subfield code="a">9781473916579</subfield>
  </datafield>
  <datafield tag="035" ind1=" " ind2=" ">
    <subfield code="a">(OCoLC)ocn950894735</subfield>
  </datafield>
  <datafield tag="040" ind1=" " ind2=" ">
    <subfield code="a">CDX</subfield>
    <subfield code="b">eng</subfield>
    <subfield code="c">CDX</subfield>
    <subfield code="e">rda</subfield>
    <subfield code="d">YDXCP</subfield>
    <subfield code="d">BDX</subfield>
    <subfield code="d">OCLCF</subfield>
    <subfield code="d">GRU</subfield>
    <subfield code="d">COO</subfield>
    <subfield code="d">UPM</subfield>
    <subfield code="d">BTCTA</subfield>
    <subfield code="d">UPM</subfield>
    <subfield code="d">OCL</subfield>
    <subfield code="d">OCLCQ</subfield>
    <subfield code="d">DHA</subfield>
    <subfield code="d">OCLCQ</subfield>
    <subfield code="d">DLC</subfield>
  </datafield>
  <datafield tag="050" ind1="0" ind2="0">
    <subfield code="a">H62</subfield>
    <subfield code="b">.A8497 2016</subfield>
  </datafield>
  <datafield tag="100" ind1="1" ind2=" ">
    <subfield code="a">Aurini, Janice,</subfield>
    <subfield code="e">author.</subfield>
  </datafield>
  <datafield tag="245" ind1="1" ind2="4">
    <subfield code="a">The how to of qualitative research /</subfield>
    <subfield code="c">Janice D. Aurini, Melanie Heath, Stephanie Howells.</subfield>
  </datafield>
  <datafield tag="246" ind1="3" ind2="0">
    <subfield code="a">Qualitative research</subfield>
  </datafield>
  <datafield tag="264" ind1=" " ind2="1">
    <subfield code="a">Los Angeles :</subfield>
    <subfield code="b">SAGE,</subfield>
    <subfield code="c">2016.</subfield>
  </datafield>
  <datafield tag="264" ind1=" " ind2="4">
    <subfield code="c">©2016</subfield>
  </datafield>
  <datafield tag="300" ind1=" " ind2=" ">
    <subfield code="a">xvi, 238 pages :</subfield>
    <subfield code="b">illustrations ;</subfield>
    <subfield code="c">24 cm</subfield>
  </datafield>
  <datafield tag="336" ind1=" " ind2=" ">
    <subfield code="a">text</subfield>
    <subfield code="b">txt</subfield>
    <subfield code="2">rdacontent</subfield>
  </datafield>
  <datafield tag="337" ind1=" " ind2=" ">
    <subfield code="a">unmediated</subfield>
    <subfield code="b">n</subfield>
    <subfield code="2">rdamedia</subfield>
  </datafield>
  <datafield tag="338" ind1=" " ind2=" ">
    <subfield code="a">volume</subfield>
    <subfield code="b">nc</subfield>
    <subfield code="2">rdacarrier</subfield>
  </datafield>
  <datafield tag="504" ind1=" " ind2=" ">
    <subfield code="a">Includes bibliographical references (pages 220-230) and index.</subfield>
  </datafield>
  <datafield tag="505" ind1="0" ind2=" ">
    <subfield code="a">Machine generated contents note: pt. I Jump Starting Your Qualitative Research Project -- 1. Introduction: From Why to How in Qualitative Research -- A pragmatic approach to qualitative research: What this book is (and is not) about -- How to use this book -- 2. How to Conceptualize Research: Getting Started and Advancing Ongoing Projects -- Introduction -- Selecting a topic -- Data and theory driven -- Researcher driven -- Abbott&apos;s lists -- Establishing the problem -- What is my intention? -- What is my research problem? -- Conclusion -- 3. How to Design a Qualitative Project and Create a Research Question: Selecting the Right Tools for the Job -- Introduction -- Developing a research question -- Guidelines for crafting qualitative research questions -- Connecting your methods and research question -- Types of data -- What is the structure of my research design? -- What will your sample consist of? -- Data collection and validity concerns -- Validity threats -- Validity tests.</subfield>
  </datafield>
  <datafield tag="505" ind1="0" ind2=" ">
    <subfield code="a">Note continued: Generalizing from qualitative research -- Modelling your research design -- Writing a research proposal -- Making a good argument -- Parts of a research proposal -- Collaborations with non-academic groups -- Why partner? Key objectives -- Anticipating challenges -- Conclusion -- pt. II The Ins and Outs of Collecting Qualitative Data -- 4. How to Do Interviews: Making What People Say Matter -- Introduction -- Structure of interviews -- Method of interviewing -- In-person interviews: Description -- In-person interviews: Benefits and challenges -- Remote interviews: Description -- Remote interviews: Benefits and challenges -- Getting prepared -- Hardware and software considerations -- The interview bag -- Data collection tools -- The interview schedule -- The content of an interview schedule: Part 1 -- The content of an interview schedule: Part 2 -- The demographic survey -- Summative, theoretical, methodological and personal memos -- Closing the deal.</subfield>
  </datafield>
  <datafield tag="505" ind1="0" ind2=" ">
    <subfield code="a">Note continued: Initial contact -- Follow-up -- Scheduling -- Interviewing techniques -- Know thy interview schedule -- Build a rapport -- Be alert: Active listening and seeing -- Control your physical and verbal reactions -- Transcription decisions -- De-naturalist transcription -- Naturalist transcription -- Managing interview data -- Recruitment data management -- Participant information data management -- Conclusion -- 5. How to Do Focus Groups: Making the Most of Group Processes -- Introduction: What is a focus group? -- The focus group -- Group size -- Number of group discussions -- Length of focus group -- Group composition -- Group homogeneity -- Group heterogeneity -- Use of pre-existing groups -- Group dynamics -- Group interaction -- Incentives -- Roles -- The moderator -- Second interviewer/note taker -- Location -- Proximity -- Indoor versus outdoor -- Seating arrangement -- Name tags -- Distractions -- The discussion guide.</subfield>
  </datafield>
  <datafield tag="505" ind1="0" ind2=" ">
    <subfield code="a">Note continued: Section one Introductory remarks -- Section two Opening questions -- Section three The body -- Section four Closing questions -- Probes -- Additional information -- Interview schedule versus focus group discussion guide -- Activities -- Recording -- Advantages and disadvantages of focus groups -- Conclusion -- 6. How to Conduct Field Research: Getting in and Getting out with High Quality Data -- Introduction -- Developing data collection resources -- Gaining access -- You&apos;re in, now what? Negotiating roles in the field -- Time matters: How long is enough? -- Field notes: Data recording and organizational devices -- 7. How to Use Unobtrusive Methods: The Beauty of Social, Physical and Visual Artefacts -- Introduction -- Types of unobtrusive data -- Social behaviour -- Physical traces -- Collecting unobtrusive data: Key considerations and tools -- Natural and contrived observations -- Covert and non-covert research.</subfield>
  </datafield>
  <datafield tag="505" ind1="0" ind2=" ">
    <subfield code="a">Note continued: Systematic and non-systematic observations: People -- Manifest and latent approaches: Things -- Conclusion -- pt. III Analysing and Writing Up Your Research -- 8. How to Do Data Analysis: The Beginner&apos;s Guide to Coding -- Introduction -- Getting prepared -- Preparing your data: Early considerations and tasks -- The codebook -- Data analysis tools: From manual to CAQDAS options -- Pre-coding, First Cycle and Second Cycle coding -- Getting started: Pre-coding -- Developing Codes: First Cycle Codes -- The emergence of Categories: Early and later stages of Second Cycle coding -- Pattern coding -- Focused coding -- Frequency coding -- Comparison coding -- Conclusion -- 9. How to Write up Qualitative Research: Making Your Words Count -- Introduction -- Presenting qualitative data -- Understanding your audience -- Books -- Peer reviewed journals -- Policy reports -- Presenting your data -- Tables -- Quotations and excerpts -- Tips for good writing.</subfield>
  </datafield>
  <datafield tag="505" ind1="0" ind2=" ">
    <subfield code="a">Note continued: Things to consider in your writing -- Effectively responding to reviewer comments -- Complete responses -- Polite responses -- Evidenced responses.</subfield>
  </datafield>
  <datafield tag="650" ind1=" " ind2="0">
    <subfield code="a">Qualitative research.</subfield>
  </datafield>
  <datafield tag="650" ind1=" " ind2="0">
    <subfield code="a">Social sciences</subfield>
    <subfield code="x">Research.</subfield>
  </datafield>
  <datafield tag="650" ind1=" " ind2="0">
    <subfield code="a">Social sciences</subfield>
    <subfield code="x">Study and teaching.</subfield>
  </datafield>
  <datafield tag="650" ind1=" " ind2="7">
    <subfield code="a">Social sciences</subfield>
    <subfield code="x">Study and teaching.</subfield>
    <subfield code="2">fast</subfield>
    <subfield code="0">(OCoLC)fst01123000</subfield>
  </datafield>
  <datafield tag="650" ind1=" " ind2="7">
    <subfield code="a">Social sciences</subfield>
    <subfield code="x">Research.</subfield>
    <subfield code="2">fast</subfield>
    <subfield code="0">(OCoLC)fst01122944</subfield>
  </datafield>
  <datafield tag="650" ind1=" " ind2="7">
    <subfield code="a">Qualitative research.</subfield>
    <subfield code="2">fast</subfield>
    <subfield code="0">(OCoLC)fst01084940</subfield>
  </datafield>
  <datafield tag="700" ind1="1" ind2=" ">
    <subfield code="a">Heath, Melanie,</subfield>
    <subfield code="e">author.</subfield>
  </datafield>
  <datafield tag="700" ind1="1" ind2=" ">
    <subfield code="a">Howells, Stephanie,</subfield>
    <subfield code="e">author.</subfield>
  </datafield>
  <datafield tag="963" ind1=" " ind2=" ">
    <subfield code="a">Alysha Owen; phone: (44) (0)20 7324 8563; email: alysha.owen@sagepub.co.uk; bc: alysha.owen@sagepub.co.uk</subfield>
  </datafield>
</record>