
<record>
  <leader>02442cam a22003857i 4500</leader>
  <controlfield tag="001">18846489</controlfield>
  <controlfield tag="005">20200103150529.0</controlfield>
  <controlfield tag="008">151105s2016    cau      b    001 0 eng  </controlfield>
  <datafield tag="906" ind1=" " ind2=" ">
    <subfield code="a">7</subfield>
    <subfield code="b">cbc</subfield>
    <subfield code="c">orignew</subfield>
    <subfield code="d">1</subfield>
    <subfield code="e">ecip</subfield>
    <subfield code="f">20</subfield>
    <subfield code="g">y-gencatlg</subfield>
  </datafield>
  <datafield tag="925" ind1="0" ind2=" ">
    <subfield code="a">acquire</subfield>
    <subfield code="b">1 shelf copy</subfield>
    <subfield code="x">policy default</subfield>
  </datafield>
  <datafield tag="955" ind1=" " ind2=" ">
    <subfield code="b">re01 2015-11-05</subfield>
    <subfield code="i">re01 2015-11-05 ONIX</subfield>
    <subfield code="e">re12 2015-11-13 to Dewey</subfield>
    <subfield code="w">xl06 2015-11-16</subfield>
    <subfield code="a">xn11 2016-04-21 1 copy rec&apos;d., to CIP ver.</subfield>
    <subfield code="f">rm06 2016-05-10 to CALM</subfield>
  </datafield>
  <datafield tag="010" ind1=" " ind2=" ">
    <subfield code="a">  2015035205</subfield>
  </datafield>
  <datafield tag="020" ind1=" " ind2=" ">
    <subfield code="a">9781629583921 (hardback)</subfield>
  </datafield>
  <datafield tag="020" ind1=" " ind2=" ">
    <subfield code="a">9781629583938 (paperback)</subfield>
  </datafield>
  <datafield tag="020" ind1=" " ind2=" ">
    <subfield code="z">9781629583945 (institutional ebook)</subfield>
  </datafield>
  <datafield tag="020" ind1=" " ind2=" ">
    <subfield code="z">9781629583952 (consumber eBook)</subfield>
  </datafield>
  <datafield tag="040" ind1=" " ind2=" ">
    <subfield code="a">DLC</subfield>
    <subfield code="b">eng</subfield>
    <subfield code="c">DLC</subfield>
    <subfield code="e">rda</subfield>
    <subfield code="d">DLC</subfield>
  </datafield>
  <datafield tag="043" ind1=" " ind2=" ">
    <subfield code="a">n-us---</subfield>
  </datafield>
  <datafield tag="050" ind1="0" ind2="0">
    <subfield code="a">HQ1073.5.U6</subfield>
    <subfield code="b">J67 2016</subfield>
  </datafield>
  <datafield tag="082" ind1="0" ind2="0">
    <subfield code="a">306.90973</subfield>
    <subfield code="2">23</subfield>
  </datafield>
  <datafield tag="084" ind1=" " ind2=" ">
    <subfield code="a">SOC000000</subfield>
    <subfield code="a">SOC036000</subfield>
    <subfield code="a">SOC002010</subfield>
    <subfield code="2">bisacsh</subfield>
  </datafield>
  <datafield tag="100" ind1="1" ind2=" ">
    <subfield code="a">Joralemon, Donald.</subfield>
  </datafield>
  <datafield tag="245" ind1="1" ind2="0">
    <subfield code="a">Mortal dilemmas :</subfield>
    <subfield code="b">the troubled landscape of death in America /</subfield>
    <subfield code="c">Donald Joralemon.</subfield>
  </datafield>
  <datafield tag="264" ind1=" " ind2="1">
    <subfield code="a">Walnut Creek, CA :</subfield>
    <subfield code="b">Left Coast Press Inc.,</subfield>
    <subfield code="c">[2016]</subfield>
  </datafield>
  <datafield tag="300" ind1=" " ind2=" ">
    <subfield code="a">149 pages ;</subfield>
    <subfield code="c">24 cm</subfield>
  </datafield>
  <datafield tag="336" ind1=" " ind2=" ">
    <subfield code="a">text</subfield>
    <subfield code="2">rdacontent</subfield>
  </datafield>
  <datafield tag="337" ind1=" " ind2=" ">
    <subfield code="a">unmediated</subfield>
    <subfield code="2">rdamedia</subfield>
  </datafield>
  <datafield tag="338" ind1=" " ind2=" ">
    <subfield code="a">volume</subfield>
    <subfield code="2">rdacarrier</subfield>
  </datafield>
  <datafield tag="504" ind1=" " ind2=" ">
    <subfield code="a">Includes bibliographical references (pages 135-144) and index.</subfield>
  </datafield>
  <datafield tag="520" ind1=" " ind2=" ">
    <subfield code="a">&quot;Anthropologist Donald Joralemon asks whether America is really, as many scholars claim, a death-denying culture that prefers to quarantine the sick in hospitals and the elderly in nursing homes. His answer is a reasoned &quot;no.&quot; In his view, Americans are merely struggling to find cultural scripts for the exceptional conditions of dying that our social world and medical technologies have thrust upon us. The book  -is written in the first-person for a broad audience by a senior anthropologist, making it an  authoritative yet accessible textbook for courses on death and dying and American culture; -includes contemporary debates about highly visible cases, the definition of death, the status of human remains, aging, and the medicalization of grief; -demonstrates persuasively that arguments over death and dying are in fact arguments about what it means to be human in modern America&quot;--</subfield>
    <subfield code="c">Provided by publisher.</subfield>
  </datafield>
  <datafield tag="650" ind1=" " ind2="0">
    <subfield code="a">Death</subfield>
    <subfield code="x">Social aspects</subfield>
    <subfield code="z">United States.</subfield>
  </datafield>
  <datafield tag="650" ind1=" " ind2="0">
    <subfield code="a">Grief</subfield>
    <subfield code="x">Social aspects</subfield>
    <subfield code="z">United States.</subfield>
  </datafield>
  <datafield tag="650" ind1=" " ind2="7">
    <subfield code="a">SOCIAL SCIENCE / General.</subfield>
    <subfield code="2">bisacsh</subfield>
  </datafield>
  <datafield tag="650" ind1=" " ind2="7">
    <subfield code="a">SOCIAL SCIENCE / Death &amp; Dying.</subfield>
    <subfield code="2">bisacsh</subfield>
  </datafield>
  <datafield tag="650" ind1=" " ind2="7">
    <subfield code="a">SOCIAL SCIENCE / Anthropology / Cultural.</subfield>
    <subfield code="2">bisacsh</subfield>
  </datafield>
</record>