
<record>
  <leader>02427cam a22003377i 4500</leader>
  <controlfield tag="001">18849061</controlfield>
  <controlfield tag="005">20200103120825.0</controlfield>
  <controlfield tag="008">150601s2015    ru       b    100 0 rus  </controlfield>
  <datafield tag="906" ind1=" " ind2=" ">
    <subfield code="a">7</subfield>
    <subfield code="b">cbc</subfield>
    <subfield code="c">origres</subfield>
    <subfield code="d">3</subfield>
    <subfield code="e">ncip</subfield>
    <subfield code="f">20</subfield>
    <subfield code="g">y-nonroman</subfield>
  </datafield>
  <datafield tag="925" ind1="0" ind2=" ">
    <subfield code="a">acquire</subfield>
    <subfield code="b">1 shelf copy</subfield>
    <subfield code="x">policy default</subfield>
  </datafield>
  <datafield tag="955" ind1=" " ind2=" ">
    <subfield code="b">fe15 2015-12-22 telework to GS/Law</subfield>
    <subfield code="a">fe00 2015-12-28 to GS/RUS</subfield>
    <subfield code="a">xg10 2016-02-18 to GS/RUS better in HV?</subfield>
    <subfield code="a">fe00 2016-03-08 to GS/RUS</subfield>
    <subfield code="h">fe12 2018-11-08 telework to shelf</subfield>
  </datafield>
  <datafield tag="010" ind1=" " ind2=" ">
    <subfield code="a">  2015496313</subfield>
  </datafield>
  <datafield tag="020" ind1=" " ind2=" ">
    <subfield code="a">9785238027074 (pbk.)</subfield>
  </datafield>
  <datafield tag="035" ind1=" " ind2=" ">
    <subfield code="a">(RuMoEVIS)ev1135124B</subfield>
  </datafield>
  <datafield tag="040" ind1=" " ind2=" ">
    <subfield code="a">DLC</subfield>
    <subfield code="b">eng</subfield>
    <subfield code="e">rda</subfield>
    <subfield code="c">DLC</subfield>
  </datafield>
  <datafield tag="043" ind1=" " ind2=" ">
    <subfield code="a">e-ru---</subfield>
  </datafield>
  <datafield tag="050" ind1="0" ind2="0">
    <subfield code="a">MLCS 2018/49611 (H)</subfield>
  </datafield>
  <datafield tag="066" ind1=" " ind2=" ">
    <subfield code="c">(N</subfield>
  </datafield>
  <datafield tag="245" ind1="0" ind2="0">
    <subfield code="6">880-01</subfield>
    <subfield code="a">Protivodeĭstvie prestuplenii︠a︡m, svi︠a︡zannym s bezvestnym ischeznoveniem grazhdan, i metodika ikh rassledovanii︠a︡ :</subfield>
    <subfield code="b">materialy Mezhdunarodnoĭ nauchno-prakticheskoĭ konferent︠s︡ii (Moskva, 20 marta 2015 g.) /</subfield>
    <subfield code="c">Pod redakt︠s︡ieĭ Predsedateli︠a︡ Sledstvennogo komiteta Rossiĭskoĭ Federat︠s︡ii general-polkovnika i︠u︡stit︠s︡ii, Zasluzhennogo i︠u︡rista Rossiĭskoĭ Federat︠s︡ii, doktora i︠u︡ridicheskikh nauk, professora A.I. Bastrykina.</subfield>
  </datafield>
  <datafield tag="880" ind1="0" ind2="0">
    <subfield code="6">245-01/(N</subfield>
    <subfield code="a">Противодействие преступлениям, связанным с безвестным исчезновением граждан, и методика их расследования :</subfield>
    <subfield code="b">материалы Международной научно-практической конференции (Москва, 20 марта 2015 г.) /</subfield>
    <subfield code="c">Под редакцией Председателя Следственного комитета Российской Федерации генерал-полковника юстиции, Заслуженного юриста Российской Федерации, доктора юридических наук, профессора А.И. Бастрыкина.</subfield>
  </datafield>
  <datafield tag="264" ind1=" " ind2="1">
    <subfield code="6">880-02</subfield>
    <subfield code="a">Moskva :</subfield>
    <subfield code="b">I︠U︡NITI-DANA,</subfield>
    <subfield code="c">2015.</subfield>
  </datafield>
  <datafield tag="880" ind1=" " ind2="1">
    <subfield code="6">264-02/(N</subfield>
    <subfield code="a">Москва :</subfield>
    <subfield code="b">ЮНИТИ-ДАНА,</subfield>
    <subfield code="c">2015.</subfield>
  </datafield>
  <datafield tag="300" ind1=" " ind2=" ">
    <subfield code="a">239 pages ;</subfield>
    <subfield code="c">22 cm</subfield>
  </datafield>
  <datafield tag="336" ind1=" " ind2=" ">
    <subfield code="a">text</subfield>
    <subfield code="b">txt</subfield>
    <subfield code="2">rdacontent</subfield>
  </datafield>
  <datafield tag="337" ind1=" " ind2=" ">
    <subfield code="a">unmediated</subfield>
    <subfield code="b">n</subfield>
    <subfield code="2">rdamedia</subfield>
  </datafield>
  <datafield tag="338" ind1=" " ind2=" ">
    <subfield code="a">volume</subfield>
    <subfield code="b">nc</subfield>
    <subfield code="2">rdacarrier</subfield>
  </datafield>
  <datafield tag="504" ind1=" " ind2=" ">
    <subfield code="a">Includes bibliographical references.</subfield>
  </datafield>
  <datafield tag="653" ind1="0" ind2=" ">
    <subfield code="a">Criminal investigation;</subfield>
    <subfield code="a">Congresses</subfield>
  </datafield>
  <datafield tag="700" ind1="1" ind2=" ">
    <subfield code="a">Bastrykin, A. I.</subfield>
    <subfield code="q">(Aleksandr Ivanovich),</subfield>
    <subfield code="e">editor.</subfield>
  </datafield>
  <datafield tag="923" ind1=" " ind2=" ">
    <subfield code="d">20151021</subfield>
    <subfield code="n">10152919</subfield>
    <subfield code="s">RuMoEVIS</subfield>
  </datafield>
  <datafield tag="985" ind1=" " ind2=" ">
    <subfield code="e">VENDOR LOAD</subfield>
  </datafield>
</record>